2574 4276
1036 112 1276 168 CAPUT
1344 112 1471 166 XX.
2302 120 2401 169 185

99 261 224 311 nitus
260 254 501 309 inductam
534 254 819 322 ostendunt,
865 254 1175 308 nihilominus
1214 257 1296 324 qui
1331 255 1471 308 aliter
1506 256 1785 324 opinantur,
1830 253 2153 322 triumphasse
2198 255 2289 309 sibi
2328 258 2400 310 vi-

102 352 285 415 dentur,
325 362 472 414 quum
498 363 624 414 quae
648 347 847 399 historia
869 348 1021 399 refert
1045 350 1090 375 ²⁴
1133 348 1194 399 de
1219 348 1428 400 dissidiis
1455 348 1715 399 meletiano
1750 352 1799 397 et
1821 347 2052 399 acaciano
2081 361 2399 413 congessere.

101 442 195 492 Fac
232 439 292 490 de
328 440 434 489 iure
471 444 666 505 agatur,
718 454 814 506 quo
855 437 1158 504 principalis
1197 438 1409 490 ecclesia
1435 443 1480 466 ²5
1523 439 1869 506 appellationes
1906 453 1970 489 ex
2003 439 2236 489 universo
2273 438 2401 490 chri-

101 532 255 584 stiano
292 530 411 580 orbe
448 532 645 597 recipit,
686 544 982 596 caussasque
1020 530 1098 581 vel
1133 531 1340 597 primum
1377 531 1577 594 iudicat,
1631 529 1711 580 vel
1742 529 1976 580 iudicatas
2009 535 2252 582 retractat.
2324 531 2400 581 ln-

72 638 301 690 *numera
323 624 368 649 ²⁵
428 628 537 674 sunt
588 639 712 689 quae
769 622 978 672 divinam
1033 623 1170 673 istius
1224 622 1341 672 iuris
1393 623 1634 688 originem
1684 619 1988 686 patefaciunt.
2080 621 2401 673 Nihilominus

104 714 279 781 quibus
313 715 404 766 alia
440 715 616 766 insedit
652 715 830 780 opinio,
865 712 916 762 hi
949 728 1056 763 rein
1093 713 1285 779 penitus
1322 712 1592 763 confectam
1631 713 1932 778 existimant,
1971 714 2012 763 si
2047 712 2201 780 litigia
2239 714 2401 764 orien-

101 805 264 856 talium
302 821 412 856 cum
447 806 596 871 Juli0,
650 812 698 856 et
742 803 1128 870 carthaginensis
1164 803 1338 870 synodi
1385 818 1494 853 cum
1539 803 1733 854 Zosimo
1778 805 2045 856 retulerint.
2117 805 2170 855 In
2207 811 2402 856 contro-

102 900 312 948 versiam
350 899 510 948 veniat
537 895 1128 963 plenissima‚auctoritaS,
1168 909 1261 960 qua
1300 894 1427 945 Petri
1463 909 1782 946 successores
1823 895 2032 946 decretis
2071 896 2238 962 editis,
2276 897 2402 964 legi-

102 990 290 1055 busque
335 989 442 1039 latis
494 988 660 1037 unitati
714 986 998 1053 religionis,
1058 986 1439 1052 disciplinaeque
1488 987 1751 1053 integritati
1793 987 2104 1053 prospiciunt.
2185 988 2400 1056 Quisque

103 1082 259 1132 cernit
295 1079 482 1130 facilius
519 1093 631 1129 esse
666 1078 881 1144 ipsorum
918 1078 1175 1143 primatum
1211 1076 1524 1141 subvertere,
1575 1092 1719 1143 quam
1754 1075 1882 1127 hanc
1918 1076 2010 1128 illis
2050 1080 2400 1145 auctoritatem,

104 1187 166 1223 eo
201 1185 467 1234 concesso,
519 1169 785 1236 denegare.
856 1167 1084 1218 Attamen
1118 1182 1218 1218 non
1251 1181 1433 1234 paucos
1464 1168 1710 1233 reperies,
1758 1167 1929 1234 quibus
1965 1175 2017 1218 ut
2053 1168 2192 1220 aliter
2228 1169 2401 1221 decer-

103 1270 245 1331 nant,
294 1261 483 1313 abunde
526 1266 626 1327 est,
676 1259 807 1326 quod
852 1258 1130 1327 Polycrates
1167 1258 1374 1325 Victori,
1421 1258 1725 1310 Firmilianus
1773 1265 1821 1309 et
1856 1260 2118 1327 Cyprianus
2156 1259 2400 1327 Stephano

104 1372 202 1408 non
237 1353 586 1420 adquieverint.

282 1450 396 1497 234.
467 1442 1064 1509 Imprudenter-omninO,
1111 1458 1174 1493 ne
1212 1442 1434 1493 acerbius
1471 1442 1656 1509 loquar.
1727 1441 1913 1508 Ecquid
1950 1444 2079 1494 enim
2112 1460 2207 1508 per
2241 1461 2298 1492 se
2331 1443 2402 1494 fa-

106 1546 181 1591 cta
215 1533 455 1606 probant?
500 1534 616 1584 nihil
651 1534 817 1600 plane,
867 1535 959 1584 nisi
1008 1535 1131 1585 iusta
1167 1534 1344 1585 fuerint
1391 1550 1447 1585 ac
1483 1534 1714 1601 legitima.
1786 1534 1975 1586 Justitia
2011 1550 2134 1602 ergo
2172 1540 2220 1585 et
2254 1533 2403 1585 facto-

103 1648 210 1684 rum
246 1630 464 1696 aequitas
502 1624 877 1681 demonstranda
911 1625 1119 1691 primum
1143 1627 1187 1651 ‘²⁷
1231 1632 1362 1692 erat,
1418 1632 1519 1676 tum
1557 1626 1672 1692 quid
1711 1641 1776 1676 ex
1809 1627 1867 1676 iis
1907 1632 2038 1677 esset
2074 1638 2402 1691 consequenS,

103 1720 508 1790 investigandum.

283 1812 380 1866 Sed
425 1827 483 1862 ea
527 1811 772 1876 praesumi
817 1809 1033 1876 legitima
1076 1824 1174 1860 non
1210 1810 1452 1860 immerito
1486 1814 1769 1875 potuerunt,
1818 1809 1959 1876 quod·
1992 1809 2210 1877 profecta
2247 1807 2307 1858 ab
2344 1808 2403 1857 iis

105 1907 224 1970 sint,
272 1905 353 1971 qui
402 1904 579 1954 eximia
623 1903 838 1969 pietatiS,
897 1903 1261 1969 sapientiaeque
1315 1901 1458 1952 laude
1509 1900 1773 1951 floruerint.
1847 1900 1993 1960 Quasi
2038 1915 2157 1951 vero
2207 1912 2402 1963 omneS,

104 2012 226 2064 quos
261 1996 780 2061 commemoravimus,
825 1993 908 2045 his‘
948 1994 1246 2045 ornamentis
1294 1993 1553 2060 insigniter
1589 1992 1872 2042 claruerint:
1923 1993 2060 2058 quasi
2096 2005 2216 2041 vero
2256 1995 2304 2040 et
2340 1988 2401 2039 de

101 2090 158 2140 iis
196 2089 276 2155 qui
313 2087 549 2153 claruere,
584 2086 924 2153 inquirendum
948 2101 1048 2136 non
1071 2090 1367 2153 superesset,
1406 2099 1468 2134 an
1504 2101 1561 2133 eo
1584 2090 1784 2134 nomine
1823 2085 1991 2150 sancti,
2028 2099 2091 2134 an
2127 2099 2183 2132 eo
2206 2086 2404 2132 nomine

99 2179 247 2231 hahiti
282 2180 525 2246 sapientes
562 2178 764 2245 fuerint,
804 2179 933 2246 quod
969 2179 1049 2230 illa
1086 2179 1292 2246 egerint,
1331 2191 1457 2243 quae
1494 2191 1558 2226 ex
1592 2175 1822 2227 historiae
1859 2174 2169 2226 monimentis
2207 2172 2404 2223 obiicie-

100 2271 288 2321 bantur.
362 2269 440 2320 An
483 2270 664 2321 idcirco
700 2271 1001 2322 Firmilianus
1038 2277 1256 2335 sanctuS,
1306 2268 1436 2336 qiiod
1474 2267 1718 2338 Stephano
1755 2263 2077 2334 repugnarit?
2125 2281 2188 2316 an
2223 2264 2405 2315 idcirco

100 2362 322 2413 Meletius
370 2361 674 2418 orientalium
719 2362 1057 2428 episcoporum
1103 2360 1279 2426 decuS,
1330 2360 1463 2427 quod
1510 2359 1865 2410 communionis
1915 2357 2080 2410 literas
2133 2373 2160 2408 a
2195 2356 2405 2407 Damaso

103 2469 203 2504 non
237 2449 517 2520 acceperit?
555 2452 665 2503 talia
702 2452 827 2503 haec
863 2458 973 2503 sunt
1009 2467 1135 2519 quae
1171 2449 1459 2518 ἀγέλαστον
1496 2451 1707 2502 maxime
1731 2449 1980 2500 hominem
2018 2449 2079 2500 ad
2113 2450 2264 2499 risum
2300 2461 2405 2497 mo-

104 2551 261 2596 veant.
335 2543 730 2595 Concludendum
766 2544 915 2610 igitur
952 2549 1049 2610 est,
1098 2549 1199 2593 tum
1236 2542 1394 2594 solum
1430 2544 1556 2593 inter
1601 2542 1876 2592 adiumenta
1914 2555 2116 2591 caussae
2151 2537 2276 2589 facta
2313 2538 2405 2587 rite

104 2637 323 2701 censeri,
371 2650 518 2701 quum
557 2650 617 2685 ea
656 2621 743 2684 'vel
775 2634 991 2701 legitima
1028 2649 1140 2686 esse
1175 2650 1265 2701 per
1300 2648 1355 2684 se
1404 2639 1617 2698 constat,
1667 2631 1747 2683 vel
1783 2632 1891 2682 duci
1927 2631 2142 2698 legitima
2179 2634 2406 2696 oportere

103 2727 294 2778 idoneis
327 2726 594 2777 rationibus
631 2725 984 2792 comprobatur.

281 2823 396 2868 235.
469 2817 529 2868 Ut
564 2824 725 2871 autem
759 2832 820 2868 eo
858 2832 1138 2869 sermonem
1171 2829 1465 2867 revocemus
1493 2814 1622 2873 unde
1656 2814 1890 2881 tantisper
1927 2812 2236 2877 defleximUS,
2274 2811 2403 2876 facti,

105 2911 240 2961 cuius
275 2910 499 2960 Lucas²³
540 2910 779 2974 meminit,
829 2909 996 2976 aliam,
1043 2924 1249 2976 eamque
1300 2906 1685 2956 commodiorem
1719 2905 2166 2971 interpretationem
2204 2903 2404 2954 exhibe-

105 3002 277 3052 bimus,
349 3001 512 3067 Itaque
548 3000 630 3053 lex
666 3002 794 3052 nulla
821 3007 966 3068 vetat,
995 3001 1124 3053 nulla
1157 2998 1458 3051 consuetudo
1494 2997 1734 3065 prohibet,
1772 2997 2028 3063 quominus
2065 3002 2202 3047 intra
2238 3002 2404 3046 certos

97 3091 259 3159 fine-9,
299 3092 555 3159 aequales,
594 3095 871 3144 minoresve
910 3093 969 3143 ab
1003 3093 1062 3144 iis
1101 3093 1182 3159 qui
1215 3095 1463 3156 praesunt,
1501 3103 1671 3139 eorum
1709 3103 1833 3154 quae
1865 3087 2127 3155 gesserint,
2166 3101 2403 3150 caussam,

214 3261 289 3322 24)
324 3262 389 3307 Cf.
424 3262 539 3308 Petri
574 3262 798 3308 Ballerinii
835 3262 1120 3322 appendicem
1156 3263 1212 3308 ad
1295 3257 1661 3320 comprobantur3
1711 3271 1790 3317 per
1840 3271 1916 3315 se,
1970 3258 2167 3315 citraque
2218 3267 2403 3300 examen

112 3348 154 3408 S.
189 3349 221 3394 Ι.
269 3350 428 3409 capitis
463 3350 536 3396 XI.
584 3352 734 3409 operis
770 3351 998 3409 inscripti:
1066 3351 1132 3396 De
1166 3352 1211 3396 vi
1295 3347 1494 3404 legitima
1551 3347 1783 3391 habentur.
1873 3345 1946 3391 Ad
2001 3346 2156 3389 horum
2216 3343 2403 3387 classem

110 3442 155 3482 et
188 3439 362 3483 ratione
395 3438 626 3484 Primatus.
1295 3434 1413 3479 facta
1447 3435 1692 3494 pertinent,
1737 3448 1849 3494 quae
1884 3434 2041 3478 merito
2078 3431 2293 3477 ecclesiae
2329 3443 2404 3475 ca—

214 3539 288 3599 η)
323 3540 419 3585 Hoc
459 3541 585 3588 mulo
626 3554 806 3587 romana
844 3542 1028 3587 ecclesia
1068 3556 1090 3586 a
1128 3542 1213 3600 Cy„
1295 3523 1486 3568 thelicae
1520 3523 1782 3568 tribuuntur.
1852 3522 1940 3566 Illis
1985 3521 2099 3566 enim
2134 3519 2215 3566 Dei
2252 3524 2404 3564 aucto-

108 3629 264 3687 priano
301 3629 548 3687 frequenter
580 3631 831 3690 insignitur·
1295 3613 1403 3657 ritas
1455 3614 1794 3672 patrocinatur,
1857 3623 1986 3668 quum
2045 3622 2184 3667 neque
2240 3608 2399 3653 frustra

214 3752 259 3776 Μ
518 3754 527 3763 ,
579 3754 587 3763 ,
654 3756 662 3764 ,
795 3755 803 3764 ,
1295 3701 1506 3759 scriptum
1541 3702 1616 3761 sit,
1654 3714 1762 3746 ecce
1795 3711 1877 3758 eqo
1904 3696 2135 3742 vobiscum
2168 3711 2266 3742 sum
2299 3710 2399 3742 om-

266 3752 287 3812 )
326 3752 389 3797 Cf.
428 3753 664 3799 Christiani
699 3755 806 3814 Lupi
841 3768 976 3814 opuS,
1024 3754 1088 3802 De
1124 3753 1213 3812 Ap-

111 3840 439 3899 pellationibus·
1294 3788 1426 3835 nibus
1479 3789 1636 3835 diebus
1679 3801 1818 3847 usque
1863 3786 1926 3831 ad
1971 3786 2400 3831 consummationem

1295 3877 1501 3935 saeculi,-
1549 3890 1690 3935 neque
1732 3875 1894 3919 frustra
1951 3874 1996 3918 in
2040 3873 2247 3931 symbolo
2295 3885 2400 3931 pro-

214 3963 288 4023 27)
322 3963 386 4008 Ea
422 3964 538 4009 enim
573 3965 802 4011 dumtaxat
836 3967 979 4027 facta,
1028 3975 1211 4025 quorum
1297 3967 1524 4023 fiteamur,
1560 3964 1700 4010 credo
1734 3969 1941 4008 sanctam
1976 3963 2232 4010 ecclesiam.

110 4049 227 4095 Deus
277 4057 344 4098 est
396 4057 578 4113 auctor,
647 4067 817 4112 quaeve
865 4054 947 4102 Dei
997 4054 1216 4113 suffragio
1402 4054 1477 4115 ²³)
1511 4052 1611 4097 Act.
1646 4051 1720 4096 XI.
1757 4051 1921 4096 2—3.
