<?xml version="1.0" encoding="UTF-8"?>
<!DOCTYPE html PUBLIC "-//W3C//DTD XHTML 1.0 Transitional//EN"
    "http://www.w3.org/TR/xhtml1/DTD/xhtml1-transitional.dtd">
<html xmlns="http://www.w3.org/1999/xhtml" xml:lang="en" lang="en">
 <head>
  <title>
</title>
<meta http-equiv="Content-Type" content="text/html;charset=utf-8" />
  <meta name='ocr-system' content='tesseract 3.04.00' />
  <meta name='ocr-capabilities' content='ocr_page ocr_carea ocr_par ocr_line ocrx_word'/>
</head>
<body>
  <div class='ocr_page' id='page_1' title='image "a603168400passuoft_0016.png"; bbox 0 0 2574 4276; ppageno 0'>
   <div class='ocr_carea' id='block_1_1' title="bbox 207 87 1630 142">
    <p class='ocr_par' dir='ltr' id='par_1_1' title="bbox 207 87 1630 142">
     <span class='ocr_line' id='line_1_1' title="bbox 207 87 1630 142; baseline 0.001 -2"><span class='ocrx_word' id='word_1_1' title='bbox 207 92 243 140; x_wconf 82' lang='lat'>8</span> <span class='ocrx_word' id='word_1_2' title='bbox 1076 87 1630 142; x_wconf 74' lang='lat' dir='ltr'><strong>PROLEGOMENA</strong></span> 
     </span>
    </p>
   </div>
   <div class='ocr_carea' id='block_1_2' title="bbox 211 229 2523 3521">
    <p class='ocr_par' dir='ltr' id='par_1_2' title="bbox 211 229 2520 1402">
     <span class='ocr_line' id='line_1_2' title="bbox 212 229 2507 303; baseline 0.002 -21"><span class='ocrx_word' id='word_1_3' title='bbox 212 246 331 298; x_wconf 86' lang='lat' dir='ltr'>quas</span> <span class='ocrx_word' id='word_1_4' title='bbox 386 231 653 296; x_wconf 84' lang='grc'><strong>11111111111115,</strong></span> <span class='ocrx_word' id='word_1_5' title='bbox 719 245 987 297; x_wconf 86' lang='lat' dir='ltr'>eorumque</span> <span class='ocrx_word' id='word_1_6' title='bbox 1037 231 1261 297; x_wconf 85' lang='lat' dir='ltr'>catalogo</span> <span class='ocrx_word' id='word_1_7' title='bbox 1311 229 1662 297; x_wconf 82' lang='lat' dir='ltr'>inscribentur,</span> <span class='ocrx_word' id='word_1_8' title='bbox 1711 246 1836 297; x_wconf 89' lang='lat' dir='ltr'>quae</span> <span class='ocrx_word' id='word_1_9' title='bbox 1886 247 2032 299; x_wconf 89' lang='lat' dir='ltr'>quum</span> <span class='ocrx_word' id='word_1_10' title='bbox 2083 235 2350 287; x_wconf 90' lang='lat' dir='ltr'>certissima</span> <span class='ocrx_word' id='word_1_11' title='bbox 2399 237 2507 303; x_wconf 91' lang='lat' dir='ltr'>sint,</span> 
     </span>
     <span class='ocr_line' id='line_1_3' title="bbox 213 322 2513 395; baseline 0.003 -21"><span class='ocrx_word' id='word_1_12' title='bbox 213 337 350 374; x_wconf 90' lang='lat' dir='ltr'>suam</span> <span class='ocrx_word' id='word_1_13' title='bbox 383 329 546 373; x_wconf 90' lang='lat' dir='ltr'>tamen</span> <span class='ocrx_word' id='word_1_14' title='bbox 585 322 923 392; x_wconf 65' lang='lat' dir='ltr'>certitudinem</span> <span class='ocrx_word' id='word_1_15' title='bbox 961 337 1059 372; x_wconf 92' lang='lat' dir='ltr'>non</span> <span class='ocrx_word' id='word_1_16' title='bbox 1098 338 1161 373; x_wconf 92' lang='lat' dir='ltr'>ex</span> <span class='ocrx_word' id='word_1_17' title='bbox 1197 322 1515 371; x_wconf 88' lang='lat' dir='ltr'>instrumento</span> <span class='ocrx_word' id='word_1_18' title='bbox 1555 322 1939 389; x_wconf 89' lang='lat' dir='ltr'>Scripturarum,</span> <span class='ocrx_word' id='word_1_19' title='bbox 1977 326 2065 378; x_wconf 90' lang='lat' dir='ltr'>sed</span> <span class='ocrx_word' id='word_1_20' title='bbox 2103 343 2166 379; x_wconf 85' lang='lat' dir='ltr'>ex</span> <span class='ocrx_word' id='word_1_21' title='bbox 2198 343 2320 393; x_wconf 91' lang='lat' dir='ltr'>una,</span> <span class='ocrx_word' id='word_1_22' title='bbox 2359 343 2513 395; x_wconf 88' lang='lat' dir='ltr'>eaque</span> 
     </span>
     <span class='ocr_line' id='line_1_4' title="bbox 219 411 2516 485; baseline 0.003 -21"><span class='ocrx_word' id='word_1_23' title='bbox 219 415 460 465; x_wconf 80' lang='lat' dir='ltr'>constanti</span> <span class='ocrx_word' id='word_1_24' title='bbox 509 414 787 464; x_wconf 92' lang='lat' dir='ltr'>Traditione</span> <span class='ocrx_word' id='word_1_25' title='bbox 837 413 1071 463; x_wconf 88' lang='lat' dir='ltr'>derivant.</span> <span class='ocrx_word' id='word_1_26' title='bbox 1132 411 1329 462; x_wconf 24' lang='lat' dir='ltr'>,Contra</span> <span class='ocrx_word' id='word_1_27' title='bbox 1379 426 1500 462; x_wconf 90' lang='lat' dir='ltr'>vero</span> <span class='ocrx_word' id='word_1_28' title='bbox 1539 413 1581 463; x_wconf 90' lang='lat' dir='ltr'>si</span> <span class='ocrx_word' id='word_1_29' title='bbox 1616 420 1830 481; x_wconf 87' lang='lat' dir='ltr'>petatur,</span> <span class='ocrx_word' id='word_1_30' title='bbox 1873 416 2001 468; x_wconf 90' lang='lat' dir='ltr'>unde</span> <span class='ocrx_word' id='word_1_31' title='bbox 2043 425 2256 485; x_wconf 88' lang='lat' dir='ltr'>constet,</span> <span class='ocrx_word' id='word_1_32' title='bbox 2306 419 2516 471; x_wconf 90' lang='lat' dir='ltr'>divinum</span> 
     </span>
     <span class='ocr_line' id='line_1_5' title="bbox 215 501 2517 570; baseline 0.002 -14"><span class='ocrx_word' id='word_1_33' title='bbox 215 505 434 556; x_wconf 89' lang='lat' dir='ltr'>Verbum</span> <span class='ocrx_word' id='word_1_34' title='bbox 475 521 589 556; x_wconf 90' lang='lat' dir='ltr'>esse</span> <span class='ocrx_word' id='word_1_35' title='bbox 625 506 750 555; x_wconf 89' lang='lat' dir='ltr'>Patri</span> <span class='ocrx_word' id='word_1_36' title='bbox 787 501 1068 570; x_wconf 81' lang='grc' dir='ltr'><em>ὁμοούσιον</em></span> <span class='ocrx_word' id='word_1_37' title='bbox 1105 502 1193 553; x_wconf 81' lang='grc' dir='ltr'>καὶ</span> <span class='ocrx_word' id='word_1_38' title='bbox 1230 501 1527 565; x_wconf 76' lang='grc' dir='ltr'><em>συναΐδιον,</em></span> <span class='ocrx_word' id='word_1_39' title='bbox 1576 512 1625 556; x_wconf 91' lang='grc'>61</span> <span class='ocrx_word' id='word_1_40' title='bbox 1660 506 1709 556; x_wconf 90' lang='grc'>111</span> <span class='ocrx_word' id='word_1_41' title='bbox 1738 505 2038 559; x_wconf 88' lang='lat' dir='ltr'>Eucharistia</span> <span class='ocrx_word' id='word_1_42' title='bbox 2074 525 2173 560; x_wconf 92' lang='lat' dir='ltr'>non</span> <span class='ocrx_word' id='word_1_43' title='bbox 2210 509 2337 561; x_wconf 93' lang='lat' dir='ltr'>nuda</span> <span class='ocrx_word' id='word_1_44' title='bbox 2377 510 2517 562; x_wconf 89' lang='lat' dir='ltr'>nobis</span> 
     </span>
     <span class='ocr_line' id='line_1_6' title="bbox 217 593 2518 669; baseline 0.003 -21"><span class='ocrx_word' id='word_1_45' title='bbox 217 596 439 664; x_wconf 83' lang='lat' dir='ltr'>symbola</span> <span class='ocrx_word' id='word_1_46' title='bbox 477 597 636 662; x_wconf 89' lang='lat' dir='ltr'>tribui,</span> <span class='ocrx_word' id='word_1_47' title='bbox 677 595 766 646; x_wconf 90' lang='lat' dir='ltr'>sed</span> <span class='ocrx_word' id='word_1_48' title='bbox 801 609 973 644; x_wconf 87' lang='lat' dir='ltr'>verum</span> <span class='ocrx_word' id='word_1_49' title='bbox 1010 593 1184 644; x_wconf 86' lang='lat' dir='ltr'>Christi</span> <span class='ocrx_word' id='word_1_50' title='bbox 1222 609 1423 661; x_wconf 89' lang='lat' dir='ltr'>corpus,</span> <span class='ocrx_word' id='word_1_51' title='bbox 1467 610 1736 662; x_wconf 90' lang='lat' dir='ltr'>verumque</span> <span class='ocrx_word' id='word_1_52' title='bbox 1773 600 2059 665; x_wconf 84' lang='lat' dir='ltr'>sanguinem</span> <span class='ocrx_word' id='word_1_53' title='bbox 2098 602 2366 653; x_wconf 87' lang='lat' dir='ltr'>incredibili</span> <span class='ocrx_word' id='word_1_54' title='bbox 2402 617 2518 669; x_wconf 90' lang='lat' dir='ltr'>qua-</span> 
     </span>
     <span class='ocr_line' id='line_1_7' title="bbox 217 686 2518 758; baseline 0.002 -19"><span class='ocrx_word' id='word_1_55' title='bbox 217 688 327 739; x_wconf 94' lang='lat' dir='ltr'>dam</span> <span class='ocrx_word' id='word_1_56' title='bbox 367 690 565 739; x_wconf 88' lang='lat' dir='ltr'>caritate</span> <span class='ocrx_word' id='word_1_57' title='bbox 603 686 805 752; x_wconf 75' lang='lat' dir='ltr'>donari,</span> <span class='ocrx_word' id='word_1_58' title='bbox 843 686 961 735; x_wconf 88' lang='lat' dir='ltr'>citra</span> <span class='ocrx_word' id='word_1_59' title='bbox 1000 700 1195 737; x_wconf 89' lang='lat' dir='ltr'>omnem</span> <span class='ocrx_word' id='word_1_60' title='bbox 1221 689 1681 755; x_wconf 82' lang='lat' dir='ltr'>tergiversationem</span> <span class='ocrx_word' id='word_1_61' title='bbox 1710 691 2100 758; x_wconf 73' lang='lat' dir='ltr'>respondebitur,</span> <span class='ocrx_word' id='word_1_62' title='bbox 2136 693 2249 744; x_wconf 91' lang='lat' dir='ltr'>inde</span> <span class='ocrx_word' id='word_1_63' title='bbox 2277 699 2518 758; x_wconf 82' lang='lat' dir='ltr'>constare,</span> 
     </span>
     <span class='ocr_line' id='line_1_8' title="bbox 216 777 2520 847; baseline 0.002 -16"><span class='ocrx_word' id='word_1_64' title='bbox 216 781 347 847; x_wconf 86' lang='lat' dir='ltr'>quod</span> <span class='ocrx_word' id='word_1_65' title='bbox 387 779 660 832; x_wconf 91' lang='lat' dir='ltr'>testimonia</span> <span class='ocrx_word' id='word_1_66' title='bbox 688 777 1042 843; x_wconf 89' lang='lat' dir='ltr'>Scripturarum</span> <span class='ocrx_word' id='word_1_67' title='bbox 1082 777 1277 845; x_wconf 88' lang='lat' dir='ltr'>diserta,</span> <span class='ocrx_word' id='word_1_68' title='bbox 1313 787 1362 831; x_wconf 89' lang='lat' dir='ltr'>et</span> <span class='ocrx_word' id='word_1_69' title='bbox 1397 795 1506 831; x_wconf 89' lang='lat' dir='ltr'>cum</span> <span class='ocrx_word' id='word_1_70' title='bbox 1544 782 1602 832; x_wconf 93' lang='lat' dir='ltr'>iis</span> <span class='ocrx_word' id='word_1_71' title='bbox 1639 782 1699 833; x_wconf 92' lang='lat' dir='ltr'>ad</span> <span class='ocrx_word' id='word_1_72' title='bbox 1736 782 2037 834; x_wconf 81' lang='lat' dir='ltr'>harmoniam</span> <span class='ocrx_word' id='word_1_73' title='bbox 2076 785 2378 836; x_wconf 81' lang='lat' dir='ltr'>concinentia</span> <span class='ocrx_word' id='word_1_74' title='bbox 2403 785 2520 836; x_wconf 90' lang='lat' dir='ltr'>Tra-</span> 
     </span>
     <span class='ocr_line' id='line_1_9' title="bbox 214 869 2517 942; baseline 0.002 -19"><span class='ocrx_word' id='word_1_75' title='bbox 214 872 406 923; x_wconf 87' lang='lat' dir='ltr'>ditionis</span> <span class='ocrx_word' id='word_1_76' title='bbox 441 869 582 921; x_wconf 87' lang='lat' dir='ltr'>effata</span> <span class='ocrx_word' id='word_1_77' title='bbox 623 875 880 935; x_wconf 89' lang='lat' dir='ltr'>utramque</span> <span class='ocrx_word' id='word_1_78' title='bbox 916 870 1171 921; x_wconf 84' lang='lat' dir='ltr'>veritatem</span> <span class='ocrx_word' id='word_1_79' title='bbox 1208 872 1589 925; x_wconf 86' lang='lat' dir='ltr'>luculentissime</span> <span class='ocrx_word' id='word_1_80' title='bbox 1619 874 1910 940; x_wconf 82' lang='lat' dir='ltr'>praeferant.</span> <span class='ocrx_word' id='word_1_81' title='bbox 1963 876 2366 942; x_wconf 90' lang='lat' dir='ltr'>Respondebitur,</span> <span class='ocrx_word' id='word_1_82' title='bbox 2404 877 2517 927; x_wconf 89' lang='lat' dir='ltr'>inde</span> 
     </span>
     <span class='ocr_line' id='line_1_10' title="bbox 214 961 2517 1035; baseline 0.001 -19"><span class='ocrx_word' id='word_1_83' title='bbox 214 970 464 1028; x_wconf 77' lang='lat' dir='ltr'>constare,</span> <span class='ocrx_word' id='word_1_84' title='bbox 523 961 653 1027; x_wconf 91' lang='lat' dir='ltr'>quod</span> <span class='ocrx_word' id='word_1_85' title='bbox 699 961 849 1012; x_wconf 90' lang='lat' dir='ltr'>Verbi</span> <span class='ocrx_word' id='word_1_86' title='bbox 905 977 1013 1011; x_wconf 91' lang='lat' dir='ltr'>cum</span> <span class='ocrx_word' id='word_1_87' title='bbox 1072 961 1212 1014; x_wconf 91' lang='lat' dir='ltr'>Patre</span> <span class='ocrx_word' id='word_1_88' title='bbox 1270 965 1625 1031; x_wconf 83' lang='grc' dir='ltr'><em>ύμοουσιότης,</em></span> <span class='ocrx_word' id='word_1_89' title='bbox 1689 973 1736 1018; x_wconf 90' lang='grc'>61</span> <span class='ocrx_word' id='word_1_90' title='bbox 1782 967 1928 1019; x_wconf 90' lang='lat' dir='ltr'>realis</span> <span class='ocrx_word' id='word_1_91' title='bbox 1972 969 2249 1035; x_wconf 88' lang='lat' dir='ltr'>praesentia</span> <span class='ocrx_word' id='word_1_92' title='bbox 2300 968 2517 1034; x_wconf 89' lang='lat' dir='ltr'>corporis</span> 
     </span>
     <span class='ocr_line' id='line_1_11' title="bbox 213 1053 2519 1126; baseline 0.003 -21"><span class='ocrx_word' id='word_1_93' title='bbox 213 1054 413 1119; x_wconf 80' lang='lat' dir='ltr'>Christi,</span> <span class='ocrx_word' id='word_1_94' title='bbox 453 1053 518 1102; x_wconf 86' lang='lat' dir='ltr'>ita</span> <span class='ocrx_word' id='word_1_95' title='bbox 555 1055 839 1104; x_wconf 89' lang='lat' dir='ltr'>auctoritate</span> <span class='ocrx_word' id='word_1_96' title='bbox 878 1053 1136 1104; x_wconf 81' lang='lat' dir='ltr'>bibliorum</span> <span class='ocrx_word' id='word_1_97' title='bbox 1160 1063 1467 1124; x_wconf 85' lang='lat' dir='ltr'>asserantur,</span> <span class='ocrx_word' id='word_1_98' title='bbox 1507 1064 1560 1108; x_wconf 91' lang='lat' dir='ltr'>ut</span> <span class='ocrx_word' id='word_1_99' title='bbox 1596 1058 1874 1110; x_wconf 89' lang='lat' dir='ltr'>Traditione</span> <span class='ocrx_word' id='word_1_100' title='bbox 1911 1061 2052 1126; x_wconf 77' lang='lat' dir='ltr'>item,</span> <span class='ocrx_word' id='word_1_101' title='bbox 2091 1075 2215 1126; x_wconf 88' lang='lat' dir='ltr'>quae</span> <span class='ocrx_word' id='word_1_102' title='bbox 2252 1060 2397 1111; x_wconf 90' lang='lat' dir='ltr'>biblia</span> <span class='ocrx_word' id='word_1_103' title='bbox 2435 1076 2519 1111; x_wconf 90' lang='lat' dir='ltr'>ex-</span> 
     </span>
     <span class='ocr_line' id='line_1_12' title="bbox 211 1131 2517 1216; baseline 0.003 -20"><span class='ocrx_word' id='word_1_104' title='bbox 211 1131 395 1214; x_wconf 87' lang='lat' dir='ltr'>planat,</span> <span class='ocrx_word' id='word_1_105' title='bbox 453 1159 638 1211; x_wconf 91' lang='lat' dir='ltr'>suaque</span> <span class='ocrx_word' id='word_1_106' title='bbox 685 1145 794 1196; x_wconf 93' lang='lat' dir='ltr'>luce</span> <span class='ocrx_word' id='word_1_107' title='bbox 839 1145 1080 1212; x_wconf 86' lang='lat' dir='ltr'>perfundit</span> <span class='ocrx_word' id='word_1_108' title='bbox 1126 1153 1271 1214; x_wconf 87' lang='lat' dir='ltr'>atque</span> <span class='ocrx_word' id='word_1_109' title='bbox 1309 1149 1434 1200; x_wconf 87' lang='lat' dir='ltr'>adeo</span> <span class='ocrx_word' id='word_1_110' title='bbox 1471 1147 1732 1216; x_wconf 75' lang='grc' dir='ltr'>ἐξηγητικὴ</span> <span class='ocrx_word' id='word_1_111' title='bbox 1774 1157 1874 1216; x_wconf 86' lang='grc'><strong>651,</strong></span> <span class='ocrx_word' id='word_1_112' title='bbox 1921 1151 2118 1202; x_wconf 90' lang='lat' dir='ltr'>uberius</span> <span class='ocrx_word' id='word_1_113' title='bbox 2157 1151 2517 1203; x_wconf 86' lang='lat' dir='ltr'>confirmentur.</span> 
     </span>
     <span class='ocr_line' id='line_1_13' title="bbox 212 1237 2517 1310; baseline 0.003 -23"><span class='ocrx_word' id='word_1_114' title='bbox 212 1237 375 1298; x_wconf 86' lang='lat' dir='ltr'>Quare</span> <span class='ocrx_word' id='word_1_115' title='bbox 419 1239 731 1303; x_wconf 89' lang='lat' dir='ltr'>perspicuum</span> <span class='ocrx_word' id='word_1_116' title='bbox 779 1245 853 1290; x_wconf 91' lang='lat' dir='ltr'>est</span> <span class='ocrx_word' id='word_1_117' title='bbox 890 1237 1019 1305; x_wconf 88' lang='lat' dir='ltr'>quod</span> <span class='ocrx_word' id='word_1_118' title='bbox 1055 1239 1413 1306; x_wconf 83' lang='lat' dir='ltr'>assignavimus</span> <span class='ocrx_word' id='word_1_119' title='bbox 1456 1239 1741 1309; x_wconf 77' lang='grc' dir='ltr'><em>δογμάτων</em></span> <span class='ocrx_word' id='word_1_120' title='bbox 1778 1243 2063 1309; x_wconf 89' lang='lat' dir='ltr'>discrimen,</span> <span class='ocrx_word' id='word_1_121' title='bbox 2113 1244 2155 1294; x_wconf 92' lang='lat' dir='ltr'>si</span> <span class='ocrx_word' id='word_1_122' title='bbox 2191 1258 2301 1294; x_wconf 93' lang='lat' dir='ltr'>cum</span> <span class='ocrx_word' id='word_1_123' title='bbox 2331 1243 2517 1310; x_wconf 86' lang='lat' dir='ltr'>praesi-</span> 
     </span>
     <span class='ocr_line' id='line_1_14' title="bbox 214 1330 1833 1402; baseline 0.002 -21"><span class='ocrx_word' id='word_1_124' title='bbox 214 1331 304 1402; x_wconf 86' lang='lat' dir='ltr'>diis</span> <span class='ocrx_word' id='word_1_125' title='bbox 341 1346 402 1382; x_wconf 89' lang='lat' dir='ltr'>ea</span> <span class='ocrx_word' id='word_1_126' title='bbox 439 1331 807 1397; x_wconf 86' lang='lat' dir='ltr'>contendantur,</span> <span class='ocrx_word' id='word_1_127' title='bbox 848 1330 1021 1397; x_wconf 92' lang='lat' dir='ltr'>quibus</span> <span class='ocrx_word' id='word_1_128' title='bbox 1058 1332 1230 1400; x_wconf 82' lang='lat' dir='ltr'>asseri,</span> <span class='ocrx_word' id='word_1_129' title='bbox 1271 1333 1601 1400; x_wconf 89' lang='lat' dir='ltr'>vindicarique</span> <span class='ocrx_word' id='word_1_130' title='bbox 1640 1334 1833 1386; x_wconf 89' lang='lat' dir='ltr'>debent.</span> 
     </span>
    </p>

    <p class='ocr_par' dir='ltr' id='par_1_3' title="bbox 212 1421 2523 2598">
     <span class='ocr_line' id='line_1_15' title="bbox 397 1421 2518 1494; baseline 0.003 -23"><span class='ocrx_word' id='word_1_131' title='bbox 397 1426 476 1473; x_wconf 90' lang='lat'>11.</span> <span class='ocrx_word' id='word_1_132' title='bbox 546 1421 622 1472; x_wconf 92' lang='lat' dir='ltr'>Ac</span> <span class='ocrx_word' id='word_1_133' title='bbox 660 1438 724 1472; x_wconf 94' lang='lat' dir='ltr'>ne</span> <span class='ocrx_word' id='word_1_134' title='bbox 763 1422 877 1489; x_wconf 92' lang='lat' dir='ltr'>quid</span> <span class='ocrx_word' id='word_1_135' title='bbox 914 1438 1083 1474; x_wconf 91' lang='lat' dir='ltr'>eorum</span> <span class='ocrx_word' id='word_1_136' title='bbox 1121 1425 1352 1490; x_wconf 85' lang='lat' dir='ltr'>omittam,</span> <span class='ocrx_word' id='word_1_137' title='bbox 1392 1440 1518 1491; x_wconf 91' lang='lat' dir='ltr'>quae</span> <span class='ocrx_word' id='word_1_138' title='bbox 1547 1425 1616 1476; x_wconf 84' lang='lat' dir='ltr'>ad</span> <span class='ocrx_word' id='word_1_139' title='bbox 1646 1441 1754 1477; x_wconf 88' lang='lat' dir='ltr'>rem</span> <span class='ocrx_word' id='word_1_140' title='bbox 1791 1426 1956 1477; x_wconf 86' lang='lat' dir='ltr'>facere</span> <span class='ocrx_word' id='word_1_141' title='bbox 1993 1425 2248 1493; x_wconf 86' lang='lat' dir='ltr'>videntur,</span> <span class='ocrx_word' id='word_1_142' title='bbox 2285 1425 2518 1494; x_wconf 87' lang='lat' dir='ltr'>vulgatis-</span> 
     </span>
     <span class='ocr_line' id='line_1_16' title="bbox 215 1514 2522 1586; baseline 0.001 -19"><span class='ocrx_word' id='word_1_143' title='bbox 215 1516 388 1568; x_wconf 90' lang='lat' dir='ltr'>simam</span> <span class='ocrx_word' id='word_1_144' title='bbox 423 1514 643 1568; x_wconf 87' lang='lat' dir='ltr'>recolam</span> <span class='ocrx_word' id='word_1_145' title='bbox 676 1530 831 1581; x_wconf 88' lang='lat' dir='ltr'>penes</span> <span class='ocrx_word' id='word_1_146' title='bbox 868 1515 984 1566; x_wconf 88' lang='lat' dir='ltr'>iuris</span> <span class='ocrx_word' id='word_1_147' title='bbox 1023 1516 1252 1568; x_wconf 90' lang='lat' dir='ltr'>doctores</span> <span class='ocrx_word' id='word_1_148' title='bbox 1289 1519 1305 1545; x_wconf 84' lang='lat'><strong>³</strong></span> <span class='ocrx_word' id='word_1_149' title='bbox 1359 1532 1665 1583; x_wconf 88' lang='lat' dir='ltr'>caussarum,</span> <span class='ocrx_word' id='word_1_150' title='bbox 1702 1534 1827 1584; x_wconf 87' lang='lat' dir='ltr'>quae</span> <span class='ocrx_word' id='word_1_151' title='bbox 1865 1520 1914 1569; x_wconf 90' lang='lat' dir='ltr'>in</span> <span class='ocrx_word' id='word_1_152' title='bbox 1952 1518 2349 1586; x_wconf 86' lang='lat' dir='ltr'>disceptationem</span> <span class='ocrx_word' id='word_1_153' title='bbox 2386 1520 2522 1570; x_wconf 89' lang='lat' dir='ltr'>veni-</span> 
     </span>
     <span class='ocr_line' id='line_1_17' title="bbox 213 1594 2521 1678; baseline 0 -18"><span class='ocrx_word' id='word_1_154' title='bbox 213 1615 325 1675; x_wconf 92' lang='lat' dir='ltr'>unt,</span> <span class='ocrx_word' id='word_1_155' title='bbox 374 1608 706 1675; x_wconf 90' lang='lat' dir='ltr'>partitionem,</span> <span class='ocrx_word' id='word_1_156' title='bbox 757 1623 785 1658; x_wconf 94' lang='grc'><strong>6</strong></span> <span class='ocrx_word' id='word_1_157' title='bbox 833 1607 1005 1673; x_wconf 91' lang='lat' dir='ltr'>quibus</span> <span class='ocrx_word' id='word_1_158' title='bbox 1058 1609 1182 1660; x_wconf 89' lang='lat' dir='ltr'>aliae</span> <span class='ocrx_word' id='word_1_159' title='bbox 1231 1617 1540 1678; x_wconf 88' lang='lat' dir='ltr'>comparatae</span> <span class='ocrx_word' id='word_1_160' title='bbox 1577 1612 1641 1662; x_wconf 91' lang='lat' dir='ltr'>ita</span> <span class='ocrx_word' id='word_1_161' title='bbox 1677 1618 1813 1678; x_wconf 89' lang='lat' dir='ltr'>sunt,</span> <span class='ocrx_word' id='word_1_162' title='bbox 1858 1618 1910 1662; x_wconf 93' lang='lat' dir='ltr'>ut</span> <span class='ocrx_word' id='word_1_163' title='bbox 1944 1594 2061 1663; x_wconf 75' lang='lat' dir='ltr'>solis</span> <span class='ocrx_word' id='word_1_164' title='bbox 2097 1616 2450 1662; x_wconf 74' lang='lat' dir='ltr'>instrumentis</span> <span class='ocrx_word' id='word_1_165' title='bbox 2472 1614 2487 1637; x_wconf 85' lang='lat'><strong>⁴</strong></span> <span class='ocrx_word' id='word_1_166' title='bbox 2509 1650 2521 1673; x_wconf 90' lang='lat'>,</span> 
     </span>
     <span class='ocr_line' id='line_1_18' title="bbox 214 1701 2517 1772; baseline 0.001 -20"><span class='ocrx_word' id='word_1_167' title='bbox 214 1701 347 1756; x_wconf 57' lang='lat' dir='ltr'>aliae,</span> <span class='ocrx_word' id='word_1_168' title='bbox 388 1714 535 1765; x_wconf 86' lang='lat' dir='ltr'>vero,</span> <span class='ocrx_word' id='word_1_169' title='bbox 583 1706 635 1750; x_wconf 85' lang='lat' dir='ltr'>ut</span> <span class='ocrx_word' id='word_1_170' title='bbox 679 1705 1032 1750; x_wconf 71' lang='lat' dir='ltr'>instrumentis</span> <span class='ocrx_word' id='word_1_171' title='bbox 1082 1701 1225 1758; x_wconf 88' lang='lat' dir='ltr'>simul</span> <span class='ocrx_word' id='word_1_172' title='bbox 1270 1702 1588 1768; x_wconf 80' lang='lat' dir='ltr'>testibusque</span> <span class='ocrx_word' id='word_1_173' title='bbox 1609 1708 1626 1731; x_wconf 87' lang='lat'>⁵</span> <span class='ocrx_word' id='word_1_174' title='bbox 1693 1703 1988 1756; x_wconf 91' lang='lat' dir='ltr'>dirimantur.</span> <span class='ocrx_word' id='word_1_175' title='bbox 2074 1703 2231 1755; x_wconf 89' lang='lat' dir='ltr'>Nemo</span> <span class='ocrx_word' id='word_1_176' title='bbox 2266 1702 2517 1772; x_wconf 87' lang='lat' dir='ltr'>hactenuS,</span> 
     </span>
     <span class='ocr_line' id='line_1_19' title="bbox 218 1790 2521 1866; baseline 0.001 -22"><span class='ocrx_word' id='word_1_177' title='bbox 218 1792 632 1860; x_wconf 72' lang='lat' dir='ltr'>quod¹noverim,</span> <span class='ocrx_word' id='word_1_178' title='bbox 670 1790 798 1842; x_wconf 90' lang='lat' dir='ltr'>hanc</span> <span class='ocrx_word' id='word_1_179' title='bbox 835 1791 1220 1843; x_wconf 90' lang='lat' dir='ltr'>distributionem</span> <span class='ocrx_word' id='word_1_180' title='bbox 1258 1796 1485 1866; x_wconf 87' lang='lat' dir='ltr'>negavit,</span> <span class='ocrx_word' id='word_1_181' title='bbox 1535 1802 1615 1847; x_wconf 90' lang='lat' dir='ltr'>aut</span> <span class='ocrx_word' id='word_1_182' title='bbox 1646 1796 1891 1863; x_wconf 84' lang='lat' dir='ltr'>neglexit:</span> <span class='ocrx_word' id='word_1_183' title='bbox 1942 1798 2056 1862; x_wconf 92' lang='lat' dir='ltr'>quin</span> <span class='ocrx_word' id='word_1_184' title='bbox 2092 1797 2251 1862; x_wconf 91' lang='lat' dir='ltr'>potius</span> <span class='ocrx_word' id='word_1_185' title='bbox 2290 1795 2521 1847; x_wconf 88' lang='lat' dir='ltr'>sollicitos</span> 
     </span>
     <span class='ocr_line' id='line_1_20' title="bbox 215 1883 2523 1957; baseline 0.001 -21"><span class='ocrx_word' id='word_1_186' title='bbox 215 1885 276 1936; x_wconf 92' lang='lat' dir='ltr'>de</span> <span class='ocrx_word' id='word_1_187' title='bbox 326 1900 386 1935; x_wconf 91' lang='lat' dir='ltr'>ea</span> <span class='ocrx_word' id='word_1_188' title='bbox 432 1898 629 1950; x_wconf 88' lang='lat' dir='ltr'>semper</span> <span class='ocrx_word' id='word_1_189' title='bbox 670 1883 822 1935; x_wconf 89' lang='lat' dir='ltr'>fuisse</span> <span class='ocrx_word' id='word_1_190' title='bbox 861 1890 1118 1952; x_wconf 89' lang='lat' dir='ltr'>patronos,</span> <span class='ocrx_word' id='word_1_191' title='bbox 1165 1903 1223 1938; x_wconf 87' lang='lat' dir='ltr'>ac</span> <span class='ocrx_word' id='word_1_192' title='bbox 1258 1902 1321 1937; x_wconf 91' lang='grc'>116</span> <span class='ocrx_word' id='word_1_193' title='bbox 1359 1888 1738 1957; x_wconf 89' lang='lat' dir='ltr'>perturbaretur,</span> <span class='ocrx_word' id='word_1_194' title='bbox 1779 1889 2039 1956; x_wconf 89' lang='lat' dir='ltr'>diligenter</span> <span class='ocrx_word' id='word_1_195' title='bbox 2073 1889 2287 1954; x_wconf 87' lang='lat' dir='ltr'>cavisse,</span> <span class='ocrx_word' id='word_1_196' title='bbox 2309 1925 2312 1928; x_wconf 28' lang='grc' dir='ltr'>ι</span> <span class='ocrx_word' id='word_1_197' title='bbox 2335 1894 2523 1939; x_wconf 87' lang='grc'><strong>00115131</strong></span> 
     </span>
     <span class='ocr_line' id='line_1_21' title="bbox 216 1974 2519 2048; baseline 0.001 -19"><span class='ocrx_word' id='word_1_198' title='bbox 216 1994 359 2045; x_wconf 88' lang='lat' dir='ltr'>quam</span> <span class='ocrx_word' id='word_1_199' title='bbox 402 1976 539 2043; x_wconf 89' lang='lat' dir='ltr'>quod</span> <span class='ocrx_word' id='word_1_200' title='bbox 591 1975 817 2035; x_wconf 89' lang='lat' dir='ltr'>maxime.</span> <span class='ocrx_word' id='word_1_201' title='bbox 901 1974 1024 2042; x_wconf 89' lang='lat' dir='ltr'>Sed,</span> <span class='ocrx_word' id='word_1_202' title='bbox 1075 1978 1167 2029; x_wconf 89' lang='lat' dir='ltr'>nisi</span> <span class='ocrx_word' id='word_1_203' title='bbox 1212 1995 1322 2034; x_wconf 86' lang='lat' dir='ltr'>mea</span> <span class='ocrx_word' id='word_1_204' title='bbox 1362 1995 1442 2031; x_wconf 92' lang='lat' dir='ltr'>me</span> <span class='ocrx_word' id='word_1_205' title='bbox 1490 1982 1652 2047; x_wconf 90' lang='lat' dir='ltr'>opinio</span> <span class='ocrx_word' id='word_1_206' title='bbox 1690 1981 1831 2048; x_wconf 91' lang='lat' dir='ltr'>fallit,</span> <span class='ocrx_word' id='word_1_207' title='bbox 1879 1997 2040 2048; x_wconf 89' lang='lat' dir='ltr'>neque</span> <span class='ocrx_word' id='word_1_208' title='bbox 2076 1981 2312 2046; x_wconf 91' lang='lat' dir='ltr'>minutus,</span> <span class='ocrx_word' id='word_1_209' title='bbox 2357 1995 2519 2046; x_wconf 92' lang='lat' dir='ltr'>neque</span> 
     </span>
     <span class='ocr_line' id='line_1_22' title="bbox 214 2067 2519 2139; baseline 0 -17"><span class='ocrx_word' id='word_1_210' title='bbox 214 2069 530 2136; x_wconf 74' lang='grc' dir='ltr'><em>λεπτολόγος</em></span> <span class='ocrx_word' id='word_1_211' title='bbox 570 2067 787 2132; x_wconf 92' lang='lat' dir='ltr'>videbor,</span> <span class='ocrx_word' id='word_1_212' title='bbox 827 2068 869 2118; x_wconf 91' lang='lat' dir='ltr'>si</span> <span class='ocrx_word' id='word_1_213' title='bbox 908 2067 1148 2135; x_wconf 91' lang='lat' dir='ltr'>duplicem</span> <span class='ocrx_word' id='word_1_214' title='bbox 1187 2068 1474 2138; x_wconf 75' lang='grc' dir='ltr'><em>δογμάτων</em></span> <span class='ocrx_word' id='word_1_215' title='bbox 1511 2073 1719 2125; x_wconf 87' lang='lat' dir='ltr'>classem</span> <span class='ocrx_word' id='word_1_216' title='bbox 1754 2089 1863 2124; x_wconf 93' lang='lat' dir='ltr'>cum</span> <span class='ocrx_word' id='word_1_217' title='bbox 1901 2072 2092 2139; x_wconf 91' lang='lat' dir='ltr'>duplici,</span> <span class='ocrx_word' id='word_1_218' title='bbox 2132 2087 2290 2138; x_wconf 89' lang='lat' dir='ltr'>eaque</span> <span class='ocrx_word' id='word_1_219' title='bbox 2314 2086 2519 2139; x_wconf 90' lang='lat' dir='ltr'>respon-</span> 
     </span>
     <span class='ocr_line' id='line_1_23' title="bbox 216 2160 2521 2232; baseline 0 -18"><span class='ocrx_word' id='word_1_220' title='bbox 216 2164 361 2215; x_wconf 93' lang='lat' dir='ltr'>dente</span> <span class='ocrx_word' id='word_1_221' title='bbox 403 2175 692 2215; x_wconf 86' lang='lat' dir='ltr'>caussarum</span> <span class='ocrx_word' id='word_1_222' title='bbox 740 2160 905 2226; x_wconf 92' lang='lat' dir='ltr'>specie</span> <span class='ocrx_word' id='word_1_223' title='bbox 953 2162 1268 2230; x_wconf 85' lang='lat' dir='ltr'>contulerim,</span> <span class='ocrx_word' id='word_1_224' title='bbox 1330 2164 1455 2216; x_wconf 89' lang='lat' dir='ltr'>adeo</span> <span class='ocrx_word' id='word_1_225' title='bbox 1509 2171 1562 2216; x_wconf 90' lang='lat' dir='ltr'>ut</span> <span class='ocrx_word' id='word_1_226' title='bbox 1600 2181 1724 2232; x_wconf 90' lang='lat' dir='ltr'>quae</span> <span class='ocrx_word' id='word_1_227' title='bbox 1774 2162 2012 2232; x_wconf 76' lang='grc' dir='ltr'><em>δόγματα</em></span> <span class='ocrx_word' id='word_1_228' title='bbox 2059 2164 2337 2215; x_wconf 88' lang='lat' dir='ltr'>Traditione</span> <span class='ocrx_word' id='word_1_229' title='bbox 2385 2164 2521 2215; x_wconf 91' lang='lat' dir='ltr'>dum-</span> 
     </span>
     <span class='ocr_line' id='line_1_24' title="bbox 212 2253 2519 2325; baseline -0 -17"><span class='ocrx_word' id='word_1_230' title='bbox 212 2262 344 2308; x_wconf 83' lang='lat' dir='ltr'>taxat</span> <span class='ocrx_word' id='word_1_231' title='bbox 381 2255 782 2324; x_wconf 83' lang='lat' dir='ltr'>comprobantur,</span> <span class='ocrx_word' id='word_1_232' title='bbox 820 2253 995 2304; x_wconf 90' lang='lat' dir='ltr'>eadem</span> <span class='ocrx_word' id='word_1_233' title='bbox 1045 2256 1232 2306; x_wconf 90' lang='lat' dir='ltr'>caussis</span> <span class='ocrx_word' id='word_1_234' title='bbox 1267 2257 1613 2323; x_wconf 90' lang='lat' dir='ltr'>respondeant,</span> <span class='ocrx_word' id='word_1_235' title='bbox 1654 2257 1825 2325; x_wconf 86' lang='lat' dir='ltr'>quibus</span> <span class='ocrx_word' id='word_1_236' title='bbox 1869 2255 2255 2325; x_wconf 86' lang='lat' dir='ltr'>cognoscendis,</span> <span class='ocrx_word' id='word_1_237' title='bbox 2302 2255 2519 2307; x_wconf 88' lang='lat' dir='ltr'>iudican-</span> 
     </span>
     <span class='ocr_line' id='line_1_25' title="bbox 217 2349 2520 2416; baseline -0.001 -15"><span class='ocrx_word' id='word_1_238' title='bbox 217 2350 388 2416; x_wconf 90' lang='lat' dir='ltr'>disque</span> <span class='ocrx_word' id='word_1_239' title='bbox 425 2349 517 2401; x_wconf 89' lang='lat' dir='ltr'>soli</span> <span class='ocrx_word' id='word_1_240' title='bbox 554 2353 811 2414; x_wconf 89' lang='lat' dir='ltr'>suppetunt</span> <span class='ocrx_word' id='word_1_241' title='bbox 848 2353 1030 2397; x_wconf 86' lang='lat' dir='ltr'>testes.-</span> <span class='ocrx_word' id='word_1_242' title='bbox 1080 2363 1206 2413; x_wconf 90' lang='lat' dir='ltr'>quae</span> <span class='ocrx_word' id='word_1_243' title='bbox 1245 2355 1413 2400; x_wconf 91' lang='lat' dir='ltr'>contra</span> <span class='ocrx_word' id='word_1_244' title='bbox 1450 2349 1709 2416; x_wconf 90' lang='lat' dir='ltr'>Scripturis</span> <span class='ocrx_word' id='word_1_245' title='bbox 1745 2351 1876 2400; x_wconf 74' lang='lat' dir='ltr'>iuxta</span> <span class='ocrx_word' id='word_1_246' title='bbox 1913 2366 1971 2400; x_wconf 94' lang='lat' dir='ltr'>ac</span> <span class='ocrx_word' id='word_1_247' title='bbox 2010 2349 2314 2415; x_wconf 89' lang='lat' dir='ltr'>Traditione,</span> <span class='ocrx_word' id='word_1_248' title='bbox 2362 2364 2520 2415; x_wconf 90' lang='lat' dir='ltr'>eaque</span> 
     </span>
     <span class='ocr_line' id='line_1_26' title="bbox 214 2438 2519 2510; baseline 0 -18"><span class='ocrx_word' id='word_1_249' title='bbox 214 2439 504 2508; x_wconf 74' lang='grc' dir='ltr'><em>ἐξηγητικῇ,</em></span> <span class='ocrx_word' id='word_1_250' title='bbox 551 2440 903 2506; x_wconf 73' lang='grc'><strong>3115111111111111,’</strong></span> <span class='ocrx_word' id='word_1_251' title='bbox 932 2438 1106 2490; x_wconf 82' lang='grc'><strong>63116111</strong></span> <span class='ocrx_word' id='word_1_252' title='bbox 1148 2439 1208 2490; x_wconf 86' lang='grc'>31)</span> <span class='ocrx_word' id='word_1_253' title='bbox 1245 2440 1303 2491; x_wconf 90' lang='grc'>115</span> <span class='ocrx_word' id='word_1_254' title='bbox 1341 2442 1527 2492; x_wconf 87' lang='lat' dir='ltr'>caussis</span> <span class='ocrx_word' id='word_1_255' title='bbox 1563 2455 1663 2492; x_wconf 91' lang='lat' dir='ltr'>non</span> <span class='ocrx_word' id='word_1_256' title='bbox 1700 2441 1999 2510; x_wconf 90' lang='lat' dir='ltr'>discrepent,</span> <span class='ocrx_word' id='word_1_257' title='bbox 2051 2440 2223 2509; x_wconf 91' lang='lat' dir='ltr'>quibus</span> <span class='ocrx_word' id='word_1_258' title='bbox 2261 2447 2310 2492; x_wconf 91' lang='lat' dir='ltr'>et</span> <span class='ocrx_word' id='word_1_259' title='bbox 2342 2441 2519 2493; x_wconf 90' lang='lat' dir='ltr'>instru-</span> 
     </span>
     <span class='ocr_line' id='line_1_27' title="bbox 215 2517 2005 2598; baseline -0.003 -15"><span class='ocrx_word' id='word_1_260' title='bbox 215 2539 379 2583; x_wconf 90' lang='lat' dir='ltr'>menta</span> <span class='ocrx_word' id='word_1_261' title='bbox 417 2539 465 2583; x_wconf 92' lang='grc'>61</span> <span class='ocrx_word' id='word_1_262' title='bbox 500 2539 651 2584; x_wconf 86' lang='grc'><strong>165165</strong></span> <span class='ocrx_word' id='word_1_263' title='bbox 688 2532 1062 2598; x_wconf 85' lang='lat' dir='ltr'>patrocinantur.</span> <span class='ocrx_word' id='word_1_264' title='bbox 2002 2517 2005 2520; x_wconf 52' lang='grc'><strong>’</strong></span> 
     </span>
    </p>

    <p class='ocr_par' dir='ltr' id='par_1_4' title="bbox 214 2623 2523 3521">
     <span class='ocr_line' id='line_1_28' title="bbox 399 2623 2516 2694; baseline 0 -19"><span class='ocrx_word' id='word_1_265' title='bbox 399 2629 474 2675; x_wconf 84' lang='grc'>12.</span> <span class='ocrx_word' id='word_1_266' title='bbox 529 2624 603 2674; x_wconf 92' lang='lat' dir='ltr'>Ex</span> <span class='ocrx_word' id='word_1_267' title='bbox 639 2623 735 2675; x_wconf 91' lang='lat' dir='ltr'>hoc</span> <span class='ocrx_word' id='word_1_268' title='bbox 773 2630 933 2675; x_wconf 90' lang='lat' dir='ltr'>autem</span> <span class='ocrx_word' id='word_1_269' title='bbox 971 2623 1251 2674; x_wconf 90' lang='lat' dir='ltr'>discrimine</span> <span class='ocrx_word' id='word_1_270' title='bbox 1289 2623 1494 2675; x_wconf 88' lang='lat' dir='ltr'>alterum</span> <span class='ocrx_word' id='word_1_271' title='bbox 1529 2625 1687 2691; x_wconf 89' lang='lat' dir='ltr'>prodit</span> <span class='ocrx_word' id='word_1_272' title='bbox 1721 2642 1884 2694; x_wconf 89' lang='lat' dir='ltr'>neque</span> <span class='ocrx_word' id='word_1_273' title='bbox 1914 2626 2040 2693; x_wconf 84' lang='lat' dir='ltr'>leve,</span> <span class='ocrx_word' id='word_1_274' title='bbox 2077 2641 2239 2692; x_wconf 89' lang='lat' dir='ltr'>neque</span> <span class='ocrx_word' id='word_1_275' title='bbox 2265 2625 2516 2691; x_wconf 91' lang='lat' dir='ltr'>eiusmodi,</span> 
     </span>
     <span class='ocr_line' id='line_1_29' title="bbox 217 2715 2523 2784; baseline 0.001 -18"><span class='ocrx_word' id='word_1_276' title='bbox 217 2715 349 2783; x_wconf 90' lang='lat' dir='ltr'>quod</span> <span class='ocrx_word' id='word_1_277' title='bbox 393 2717 592 2783; x_wconf 88' lang='lat' dir='ltr'>insuper</span> <span class='ocrx_word' id='word_1_278' title='bbox 636 2716 808 2767; x_wconf 91' lang='lat' dir='ltr'>haberi</span> <span class='ocrx_word' id='word_1_279' title='bbox 847 2717 1050 2783; x_wconf 85' lang='lat' dir='ltr'>impune</span> <span class='ocrx_word' id='word_1_280' title='bbox 1104 2716 1270 2781; x_wconf 88' lang='lat' dir='ltr'>possit.</span> <span class='ocrx_word' id='word_1_281' title='bbox 1345 2715 1476 2769; x_wconf 90' lang='lat' dir='ltr'>Sicut</span> <span class='ocrx_word' id='word_1_282' title='bbox 1521 2717 1650 2767; x_wconf 91' lang='grc'><strong>6111111</strong></span> <span class='ocrx_word' id='word_1_283' title='bbox 1689 2733 1916 2784; x_wconf 89' lang='lat' dir='ltr'>caussae,</span> <span class='ocrx_word' id='word_1_284' title='bbox 1964 2733 2165 2784; x_wconf 90' lang='lat' dir='ltr'>quarum</span> <span class='ocrx_word' id='word_1_285' title='bbox 2201 2717 2420 2784; x_wconf 87' lang='lat' dir='ltr'>probatio</span> <span class='ocrx_word' id='word_1_286' title='bbox 2460 2734 2523 2769; x_wconf 89' lang='lat' dir='ltr'>ex</span> 
     </span>
     <span class='ocr_line' id='line_1_30' title="bbox 215 2807 2520 2876; baseline -0 -17"><span class='ocrx_word' id='word_1_287' title='bbox 215 2810 546 2860; x_wconf 89' lang='lat' dir='ltr'>instrumentis</span> <span class='ocrx_word' id='word_1_288' title='bbox 585 2824 742 2874; x_wconf 92' lang='lat' dir='ltr'>aeque</span> <span class='ocrx_word' id='word_1_289' title='bbox 775 2824 833 2859; x_wconf 90' lang='lat' dir='ltr'>ac</span> <span class='ocrx_word' id='word_1_290' title='bbox 858 2808 1061 2860; x_wconf 89' lang='lat' dir='ltr'>testibus</span> <span class='ocrx_word' id='word_1_291' title='bbox 1098 2810 1347 2875; x_wconf 82' lang='lat' dir='ltr'>repetitur,</span> <span class='ocrx_word' id='word_1_292' title='bbox 1387 2808 1583 2860; x_wconf 88' lang='lat' dir='ltr'>defendi</span> <span class='ocrx_word' id='word_1_293' title='bbox 1619 2815 1885 2876; x_wconf 84' lang='lat' dir='ltr'>nequeunt,</span> <span class='ocrx_word' id='word_1_294' title='bbox 1920 2809 2013 2859; x_wconf 91' lang='lat' dir='ltr'>nisi</span> <span class='ocrx_word' id='word_1_295' title='bbox 2047 2807 2128 2859; x_wconf 90' lang='lat' dir='ltr'>illa</span> <span class='ocrx_word' id='word_1_296' title='bbox 2163 2823 2272 2859; x_wconf 91' lang='lat' dir='ltr'>cum</span> <span class='ocrx_word' id='word_1_297' title='bbox 2307 2807 2445 2859; x_wconf 91' lang='lat' dir='ltr'>hisce</span> <span class='ocrx_word' id='word_1_298' title='bbox 2471 2808 2520 2858; x_wconf 91' lang='lat' dir='ltr'>in</span> 
     </span>
     <span class='ocr_line' id='line_1_31' title="bbox 214 2900 2520 2968; baseline -0 -17"><span class='ocrx_word' id='word_1_299' title='bbox 214 2915 362 2951; x_wconf 90' lang='lat' dir='ltr'>unam</span> <span class='ocrx_word' id='word_1_300' title='bbox 396 2901 702 2966; x_wconf 90' lang='lat' dir='ltr'>eandemque</span> <span class='ocrx_word' id='word_1_301' title='bbox 739 2906 953 2951; x_wconf 90' lang='lat' dir='ltr'>mentem</span> <span class='ocrx_word' id='word_1_302' title='bbox 991 2902 1272 2966; x_wconf 89' lang='lat' dir='ltr'>conspirare</span> <span class='ocrx_word' id='word_1_303' title='bbox 1311 2900 1734 2968; x_wconf 72' lang='lat' dir='ltr'>demonstrentur,</span> <span class='ocrx_word' id='word_1_304' title='bbox 1778 2901 1842 2951; x_wconf 91' lang='lat' dir='ltr'>ita</span> <span class='ocrx_word' id='word_1_305' title='bbox 1890 2900 2191 2952; x_wconf 88' lang='lat' dir='ltr'>conclamata</span> <span class='ocrx_word' id='word_1_306' title='bbox 2229 2915 2398 2951; x_wconf 89' lang='lat' dir='ltr'>eorum</span> <span class='ocrx_word' id='word_1_307' title='bbox 2436 2900 2520 2950; x_wconf 90' lang='lat' dir='ltr'>de-</span> 
     </span>
     <span class='ocr_line' id='line_1_32' title="bbox 216 2989 2521 3060; baseline -0 -17"><span class='ocrx_word' id='word_1_308' title='bbox 216 2992 374 3044; x_wconf 88' lang='lat' dir='ltr'>fensio</span> <span class='ocrx_word' id='word_1_309' title='bbox 417 2989 715 3058; x_wconf 78' lang='grc' dir='ltr'><em>δογμάτων,</em></span> <span class='ocrx_word' id='word_1_310' title='bbox 757 3007 882 3058; x_wconf 89' lang='lat' dir='ltr'>quae</span> <span class='ocrx_word' id='word_1_311' title='bbox 920 3007 947 3042; x_wconf 92' lang='lat' dir='ltr'>e</span> <span class='ocrx_word' id='word_1_312' title='bbox 987 2991 1231 3059; x_wconf 86' lang='lat' dir='ltr'>Scriptura</span> <span class='ocrx_word' id='word_1_313' title='bbox 1270 3009 1327 3045; x_wconf 91' lang='lat' dir='ltr'>ac</span> <span class='ocrx_word' id='word_1_314' title='bbox 1364 2993 1642 3044; x_wconf 90' lang='lat' dir='ltr'>Traditione</span> <span class='ocrx_word' id='word_1_315' title='bbox 1679 2992 1975 3060; x_wconf 89' lang='lat' dir='ltr'>Scripturam</span> <span class='ocrx_word' id='word_1_316' title='bbox 2013 2992 2301 3058; x_wconf 86' lang='lat' dir='ltr'>explanante</span> <span class='ocrx_word' id='word_1_317' title='bbox 2339 2991 2521 3058; x_wconf 90' lang='lat' dir='ltr'>depen-</span> 
     </span>
     <span class='ocr_line' id='line_1_33' title="bbox 219 3083 2519 3153; baseline 0 -19"><span class='ocrx_word' id='word_1_318' title='bbox 219 3084 359 3151; x_wconf 90' lang='lat' dir='ltr'>dent,</span> <span class='ocrx_word' id='word_1_319' title='bbox 408 3084 656 3135; x_wconf 91' lang='lat' dir='ltr'>censenda</span> <span class='ocrx_word' id='word_1_320' title='bbox 701 3083 851 3150; x_wconf 86' lang='lat' dir='ltr'>foret,</span> <span class='ocrx_word' id='word_1_321' title='bbox 898 3084 990 3135; x_wconf 89' lang='lat' dir='ltr'>nisi</span> <span class='ocrx_word' id='word_1_322' title='bbox 1037 3101 1132 3136; x_wconf 90' lang='lat' dir='ltr'>una</span> <span class='ocrx_word' id='word_1_323' title='bbox 1168 3086 1439 3152; x_wconf 89' lang='lat' dir='ltr'>eademque</span> <span class='ocrx_word' id='word_1_324' title='bbox 1476 3091 1683 3153; x_wconf 91' lang='lat' dir='ltr'>utroque</span> <span class='ocrx_word' id='word_1_325' title='bbox 1722 3101 1786 3136; x_wconf 90' lang='lat' dir='ltr'>ex</span> <span class='ocrx_word' id='word_1_326' title='bbox 1822 3084 1954 3134; x_wconf 89' lang='lat' dir='ltr'>fonte</span> <span class='ocrx_word' id='word_1_327' title='bbox 1992 3085 2231 3135; x_wconf 89' lang='lat' dir='ltr'>sententia</span> <span class='ocrx_word' id='word_1_328' title='bbox 2269 3083 2519 3135; x_wconf 88' lang='lat' dir='ltr'>deflueret.</span> 
     </span>
     <span class='ocr_line' id='line_1_34' title="bbox 219 3170 2521 3245; baseline -0.001 -16"><span class='ocrx_word' id='word_1_329' title='bbox 219 3176 389 3243; x_wconf 87' lang='lat' dir='ltr'>Ecquo</span> <span class='ocrx_word' id='word_1_330' title='bbox 434 3177 563 3227; x_wconf 89' lang='lat' dir='ltr'>enim</span> <span class='ocrx_word' id='word_1_331' title='bbox 605 3176 850 3226; x_wconf 89' lang='lat' dir='ltr'>recideret</span> <span class='ocrx_word' id='word_1_332' title='bbox 898 3170 1163 3241; x_wconf 68' lang='grc' dir='ltr'>ἑξηγητική</span> <span class='ocrx_word' id='word_1_333' title='bbox 1214 3178 1455 3245; x_wconf 83' lang='lat' dir='ltr'>Tradit-io,</span> <span class='ocrx_word' id='word_1_334' title='bbox 1505 3179 1547 3230; x_wconf 92' lang='lat' dir='ltr'>si</span> <span class='ocrx_word' id='word_1_335' title='bbox 1592 3177 1651 3240; x_wconf 87' lang='lat' dir='ltr'>ab</span> <span class='ocrx_word' id='word_1_336' title='bbox 1704 3176 1923 3227; x_wconf 91' lang='lat' dir='ltr'>eiusdem</span> <span class='ocrx_word' id='word_1_337' title='bbox 1974 3175 2214 3227; x_wconf 90' lang='lat' dir='ltr'>sententia</span> <span class='ocrx_word' id='word_1_338' title='bbox 2263 3175 2521 3227; x_wconf 91' lang='lat' dir='ltr'>bibliorum</span> 
     </span>
     <span class='ocr_line' id='line_1_35' title="bbox 218 3266 2522 3338; baseline -0 -18"><span class='ocrx_word' id='word_1_339' title='bbox 218 3268 508 3335; x_wconf 85' lang='lat' dir='ltr'>significatio</span> <span class='ocrx_word' id='word_1_340' title='bbox 555 3268 720 3319; x_wconf 91' lang='lat' dir='ltr'>dissita</span> <span class='ocrx_word' id='word_1_341' title='bbox 770 3274 849 3319; x_wconf 89' lang='lat' dir='ltr'>aut</span> <span class='ocrx_word' id='word_1_342' title='bbox 896 3267 1088 3320; x_wconf 89' lang='lat' dir='ltr'>diversa</span> <span class='ocrx_word' id='word_1_343' title='bbox 1126 3268 1504 3322; x_wconf 68' lang='lat' dir='ltr'>ostenderetur?</span> <span class='ocrx_word' id='word_1_344' title='bbox 1562 3285 1655 3338; x_wconf 92' lang='lat' dir='ltr'>quo</span> <span class='ocrx_word' id='word_1_345' title='bbox 1692 3267 1972 3320; x_wconf 84' lang='lat' dir='ltr'>reciderent</span> <span class='ocrx_word' id='word_1_346' title='bbox 2006 3266 2223 3333; x_wconf 90' lang='lat' dir='ltr'>Irenaei,</span> <span class='ocrx_word' id='word_1_347' title='bbox 2272 3269 2522 3335; x_wconf 89' lang='lat' dir='ltr'>utriusque</span> 
     </span>
     <span class='ocr_line' id='line_1_36' title="bbox 218 3358 2522 3430; baseline -0 -18"><span class='ocrx_word' id='word_1_348' title='bbox 218 3361 450 3430; x_wconf 81' lang='lat' dir='ltr'>Dionysii,</span> <span class='ocrx_word' id='word_1_349' title='bbox 488 3358 679 3415; x_wconf 85' lang='lat' dir='ltr'>romani</span> <span class='ocrx_word' id='word_1_350' title='bbox 716 3367 764 3411; x_wconf 92' lang='grc'>61</span> <span class='ocrx_word' id='word_1_351' title='bbox 793 3359 1110 3426; x_wconf 88' lang='lat' dir='ltr'>alexandrini,</span> <span class='ocrx_word' id='word_1_352' title='bbox 1150 3360 1467 3430; x_wconf 87' lang='lat' dir='ltr'>Theognosti,</span> <span class='ocrx_word' id='word_1_353' title='bbox 1505 3362 1663 3429; x_wconf 90' lang='lat' dir='ltr'>Pierii,</span> <span class='ocrx_word' id='word_1_354' title='bbox 1706 3360 1932 3427; x_wconf 88' lang='lat' dir='ltr'>Gregorii</span> <span class='ocrx_word' id='word_1_355' title='bbox 1950 3358 2291 3426; x_wconf 89' lang='lat' dir='ltr'>thaumaturgi,</span> <span class='ocrx_word' id='word_1_356' title='bbox 2331 3366 2522 3411; x_wconf 91' lang='lat' dir='ltr'>cetero-</span> 
     </span>
     <span class='ocr_line' id='line_1_37' title="bbox 218 3441 2519 3521; baseline 0 -19"><span class='ocrx_word' id='word_1_357' title='bbox 218 3466 425 3520; x_wconf 91' lang='lat' dir='ltr'>rumque</span> <span class='ocrx_word' id='word_1_358' title='bbox 463 3454 656 3504; x_wconf 89' lang='lat' dir='ltr'>Patrum</span> <span class='ocrx_word' id='word_1_359' title='bbox 692 3451 924 3521; x_wconf 87' lang='lat' dir='ltr'>suffragia</span> <span class='ocrx_word' id='word_1_360' title='bbox 962 3451 1023 3502; x_wconf 88' lang='lat' dir='ltr'>de</span> <span class='ocrx_word' id='word_1_361' title='bbox 1059 3441 1223 3503; x_wconf 90' lang='lat' dir='ltr'>Verbo</span> <span class='ocrx_word' id='word_1_362' title='bbox 1263 3469 1371 3504; x_wconf 91' lang='lat' dir='ltr'>cum</span> <span class='ocrx_word' id='word_1_363' title='bbox 1408 3456 1548 3507; x_wconf 91' lang='lat' dir='ltr'>Patre</span> <span class='ocrx_word' id='word_1_364' title='bbox 1593 3452 1885 3521; x_wconf 84' lang='grc' dir='ltr'><em>όμοουσίῳ,</em></span> <span class='ocrx_word' id='word_1_365' title='bbox 1939 3467 1966 3502; x_wconf 93' lang='grc'><strong>6</strong></span> <span class='ocrx_word' id='word_1_366' title='bbox 2006 3450 2262 3518; x_wconf 90' lang='lat' dir='ltr'>Scripturis</span> <span class='ocrx_word' id='word_1_367' title='bbox 2300 3452 2519 3518; x_wconf 89' lang='lat' dir='ltr'>deducta,</span> 
     </span>
    </p>
   </div>
   <div class='ocr_carea' id='block_1_3' title="bbox 221 3592 2519 4104">
    <p class='ocr_par' dir='ltr' id='par_1_5' title="bbox 222 3592 2519 3749">
     <span class='ocr_line' id='line_1_38' title="bbox 321 3592 2519 3659; baseline -0.001 -18"><span class='ocrx_word' id='word_1_368' title='bbox 321 3595 367 3657; x_wconf 75' lang='grc'>3)</span> <span class='ocrx_word' id='word_1_369' title='bbox 413 3596 506 3641; x_wconf 89' lang='grc' dir='ltr'>Ηο5</span> <span class='ocrx_word' id='word_1_370' title='bbox 541 3598 655 3642; x_wconf 88' lang='lat' dir='ltr'>inter</span> <span class='ocrx_word' id='word_1_371' title='bbox 688 3596 855 3642; x_wconf 89' lang='lat' dir='ltr'>videsis</span> <span class='ocrx_word' id='word_1_372' title='bbox 896 3595 1120 3641; x_wconf 87' lang='lat' dir='ltr'>Cuiacium</span> <span class='ocrx_word' id='word_1_373' title='bbox 1169 3596 1215 3640; x_wconf 92' lang='lat' dir='ltr'>in</span> <span class='ocrx_word' id='word_1_374' title='bbox 1251 3609 1330 3655; x_wconf 88' lang='lat' dir='ltr'>pa·</span> <span class='ocrx_word' id='word_1_375' title='bbox 1415 3599 1570 3659; x_wconf 91' lang='lat' dir='ltr'>quibus</span> <span class='ocrx_word' id='word_1_376' title='bbox 1625 3598 1694 3642; x_wconf 89' lang='lat' dir='ltr'>vis</span> <span class='ocrx_word' id='word_1_377' title='bbox 1749 3595 1856 3641; x_wconf 81' lang='lat' dir='ltr'>insit</span> <span class='ocrx_word' id='word_1_378' title='bbox 1907 3594 2127 3654; x_wconf 85' lang='lat' dir='ltr'>probandi</span> <span class='ocrx_word' id='word_1_379' title='bbox 2179 3592 2231 3652; x_wconf 88' lang='lat' dir='ltr'>(l.</span> <span class='ocrx_word' id='word_1_380' title='bbox 2283 3593 2325 3639; x_wconf 93' lang='lat'>1.</span> <span class='ocrx_word' id='word_1_381' title='bbox 2372 3593 2419 3639; x_wconf 87' lang='lat' dir='ltr'>C.</span> <span class='ocrx_word' id='word_1_382' title='bbox 2465 3593 2519 3638; x_wconf 88' lang='grc'>116</span> 
     </span>
     <span class='ocr_line' id='line_1_39' title="bbox 222 3683 1886 3749; baseline 0.001 -19"><span class='ocrx_word' id='word_1_383' title='bbox 222 3690 304 3730; x_wconf 82' lang='lat' dir='ltr'>rat.</span> <span class='ocrx_word' id='word_1_384' title='bbox 338 3698 388 3729; x_wconf 86' lang='grc' dir='ltr'>π.</span> <span class='ocrx_word' id='word_1_385' title='bbox 423 3685 500 3730; x_wconf 90' lang='lat' dir='ltr'>lib.</span> <span class='ocrx_word' id='word_1_386' title='bbox 535 3685 672 3732; x_wconf 91' lang='lat' dir='ltr'>XXII.</span> <span class='ocrx_word' id='word_1_387' title='bbox 708 3686 775 3732; x_wconf 81' lang='lat' dir='ltr'>tit.</span> <span class='ocrx_word' id='word_1_388' title='bbox 811 3685 844 3730; x_wconf 92' lang='grc' dir='ltr'>Ι.</span> <span class='ocrx_word' id='word_1_389' title='bbox 881 3684 924 3744; x_wconf 86' lang='lat'>§.</span> <span class='ocrx_word' id='word_1_390' title='bbox 961 3683 1034 3729; x_wconf 94' lang='lat'>111.</span> <span class='ocrx_word' id='word_1_391' title='bbox 1414 3687 1578 3749; x_wconf 86' lang='lat' dir='ltr'>dilat.),</span> <span class='ocrx_word' id='word_1_392' title='bbox 1615 3697 1886 3732; x_wconf 82' lang='lat' dir='ltr'>coercemus.</span> 
     </span>
    </p>

    <p class='ocr_par' dir='ltr' id='par_1_6' title="bbox 221 3769 2519 4104">
     <span class='ocr_line' id='line_1_40' title="bbox 323 3769 2519 3837; baseline -0.002 -18"><span class='ocrx_word' id='word_1_393' title='bbox 323 3774 369 3835; x_wconf 81' lang='lat'>⁴)</span> <span class='ocrx_word' id='word_1_394' title='bbox 412 3773 693 3821; x_wconf 87' lang='lat' dir='ltr'>Instrumenti</span> <span class='ocrx_word' id='word_1_395' title='bbox 743 3788 928 3836; x_wconf 88' lang='lat' dir='ltr'>vocem,</span> <span class='ocrx_word' id='word_1_396' title='bbox 977 3786 1089 3832; x_wconf 85' lang='lat' dir='ltr'>quae</span> <span class='ocrx_word' id='word_1_397' title='bbox 1122 3778 1327 3831; x_wconf 85' lang='lat' dir='ltr'>usurpata</span> <span class='ocrx_word' id='word_1_398' title='bbox 1513 3775 1559 3837; x_wconf 86' lang='lat'>⁵)</span> <span class='ocrx_word' id='word_1_399' title='bbox 1603 3775 1795 3833; x_wconf 83' lang='lat' dir='ltr'>Negotia</span> <span class='ocrx_word' id='word_1_400' title='bbox 1847 3773 1962 3818; x_wconf 88' lang='lat' dir='ltr'>enim</span> <span class='ocrx_word' id='word_1_401' title='bbox 2010 3784 2151 3831; x_wconf 87' lang='lat' dir='ltr'>aequo</span> <span class='ocrx_word' id='word_1_402' title='bbox 2195 3772 2288 3816; x_wconf 86' lang='lat' dir='ltr'>iure</span> <span class='ocrx_word' id='word_1_403' title='bbox 2332 3769 2519 3815; x_wconf 83' lang='lat' dir='ltr'>testibus</span> 
     </span>
     <span class='ocr_line' id='line_1_41' title="bbox 221 3857 2516 3922; baseline -0.004 -11"><span class='ocrx_word' id='word_1_404' title='bbox 221 3864 366 3911; x_wconf 90' lang='lat' dir='ltr'>laxius</span> <span class='ocrx_word' id='word_1_405' title='bbox 410 3878 461 3909; x_wconf 88' lang='lat' dir='ltr'>ea</span> <span class='ocrx_word' id='word_1_406' title='bbox 508 3866 657 3910; x_wconf 92' lang='lat' dir='ltr'>omnia</span> <span class='ocrx_word' id='word_1_407' title='bbox 693 3864 875 3910; x_wconf 83' lang='lat' dir='ltr'>denotat</span> <span class='ocrx_word' id='word_1_408' title='bbox 908 3862 959 3922; x_wconf 90' lang='lat' dir='ltr'>(l.</span> <span class='ocrx_word' id='word_1_409' title='bbox 1000 3861 1042 3908; x_wconf 89' lang='lat'>1.</span> <span class='ocrx_word' id='word_1_410' title='bbox 1077 3874 1127 3907; x_wconf 81' lang='grc' dir='ltr'>π.</span> <span class='ocrx_word' id='word_1_411' title='bbox 1164 3862 1219 3907; x_wconf 87' lang='lat' dir='ltr'>de</span> <span class='ocrx_word' id='word_1_412' title='bbox 1255 3862 1327 3907; x_wconf 87' lang='lat' dir='ltr'>fid.</span> <span class='ocrx_word' id='word_1_413' title='bbox 1414 3871 1458 3911; x_wconf 88' lang='lat' dir='ltr'>et</span> <span class='ocrx_word' id='word_1_414' title='bbox 1491 3865 1790 3911; x_wconf 84' lang='lat' dir='ltr'>instrumentis</span> <span class='ocrx_word' id='word_1_415' title='bbox 1826 3862 2025 3922; x_wconf 86' lang='lat' dir='ltr'>expediri</span> <span class='ocrx_word' id='word_1_416' title='bbox 2060 3860 2247 3905; x_wconf 87' lang='lat' dir='ltr'>traditur</span> <span class='ocrx_word' id='word_1_417' title='bbox 2288 3858 2318 3903; x_wconf 91' lang='lat' dir='ltr'>l.</span> <span class='ocrx_word' id='word_1_418' title='bbox 2358 3857 2433 3904; x_wconf 91' lang='lat'>15.</span> <span class='ocrx_word' id='word_1_419' title='bbox 2470 3858 2516 3902; x_wconf 91' lang='lat' dir='ltr'>C.</span> 
     </span>
     <span class='ocr_line' id='line_1_42' title="bbox 221 3947 2518 4015; baseline -0.004 -15"><span class='ocrx_word' id='word_1_420' title='bbox 221 3954 546 4015; x_wconf 88' lang='lat' dir='ltr'>instrument.),</span> <span class='ocrx_word' id='word_1_421' title='bbox 589 3954 744 4014; x_wconf 92' lang='lat' dir='ltr'>quibus</span> <span class='ocrx_word' id='word_1_422' title='bbox 781 3955 935 3999; x_wconf 92' lang='lat' dir='ltr'>instrui</span> <span class='ocrx_word' id='word_1_423' title='bbox 971 3966 1127 3998; x_wconf 91' lang='lat' dir='ltr'>caussa</span> <span class='ocrx_word' id='word_1_424' title='bbox 1162 3958 1327 4013; x_wconf 87' lang='lat' dir='ltr'>potest,</span> <span class='ocrx_word' id='word_1_425' title='bbox 1413 3954 1468 4000; x_wconf 84' lang='lat' dir='ltr'>de</span> <span class='ocrx_word' id='word_1_426' title='bbox 1513 3954 1587 4001; x_wconf 90' lang='lat' dir='ltr'>fid.</span> <span class='ocrx_word' id='word_1_427' title='bbox 1634 3955 1832 4002; x_wconf 86' lang='lat' dir='ltr'>instrum.</span> <span class='ocrx_word' id='word_1_428' title='bbox 1881 3957 1926 3996; x_wconf 89' lang='grc'>61</span> <span class='ocrx_word' id='word_1_429' title='bbox 1971 3952 1999 3996; x_wconf 95' lang='lat' dir='ltr'>l.</span> <span class='ocrx_word' id='word_1_430' title='bbox 2048 3952 2092 3996; x_wconf 88' lang='lat'>5.</span> <span class='ocrx_word' id='word_1_431' title='bbox 2136 3961 2186 3994; x_wconf 82' lang='grc' dir='ltr'>π.</span> <span class='ocrx_word' id='word_1_432' title='bbox 2230 3947 2311 3993; x_wconf 88' lang='lat' dir='ltr'>sub</span> <span class='ocrx_word' id='word_1_433' title='bbox 2361 3947 2518 3992; x_wconf 87' lang='lat' dir='ltr'>eodem</span> 
     </span>
     <span class='ocr_line' id='line_1_43' title="bbox 222 4042 1551 4104; baseline -0.002 -13"><span class='ocrx_word' id='word_1_434' title='bbox 222 4046 323 4091; x_wconf 89' lang='lat' dir='ltr'>heic</span> <span class='ocrx_word' id='word_1_435' title='bbox 367 4046 564 4104; x_wconf 89' lang='lat' dir='ltr'>pressius</span> <span class='ocrx_word' id='word_1_436' title='bbox 611 4043 871 4104; x_wconf 91' lang='lat' dir='ltr'>accipimus,</span> <span class='ocrx_word' id='word_1_437' title='bbox 917 4049 962 4089; x_wconf 92' lang='grc'>61</span> <span class='ocrx_word' id='word_1_438' title='bbox 996 4042 1053 4088; x_wconf 88' lang='grc'>311</span> <span class='ocrx_word' id='word_1_439' title='bbox 1087 4044 1325 4103; x_wconf 85' lang='lat' dir='ltr'>scripturas</span> <span class='ocrx_word' id='word_1_440' title='bbox 1408 4045 1551 4092; x_wconf 87' lang='lat' dir='ltr'>titulo.</span> 
     </span>
    </p>
   </div>
  </div>
 </body>
</html>
