2574 4276
178 117 281 166 564
1000 114 1221 167 LIBER.
1290 115 1685 170 SECUNDUS

179 255 360 323 ὀλίγον
392 254 702 315 παθόντας,
739 251 898 321 αὐτὸς
935 254 1243 323 καταρτίσαι
1279 256 1406 324 (ipse
1443 271 1560 323 vos,
1600 272 1695 308 ceu
1730 258 1872 310 vivos
1908 259 2287 328 spiritualesque
2321 260 2512 328 lapides

179 354 291 414 apte
326 349 615 413 coniungat)
652 343 809 413 ὑμᾶς,
849 343 1104 412 στηρίξαι,
1142 346 1438 409 σθενώσαι,
1477 346 1822 415 θεμελιώσαι.

358 437 577 489 Dubitari
616 452 736 488 vero
773 452 874 488 non
910 444 1087 505 potest,
1127 438 1382 505 formulae,
1422 437 1664 508 στήριξον
1699 435 1822 502 τούς
1859 438 2132 512 ἀδελφούς
2160 459 2272 508 σου,
2312 459 2515 498 sensum
2572 497 2573 500 ,

180 531 347 582 inesse
385 528 649 595 moralem,
711 545 914 581 sensum
963 530 1194 582 videlicet
1242 531 1312 582 illi
1355 531 1679 596 simillimum,
1742 546 1840 599 quo
1897 532 2104 585 verbum
2157 535 2408 603 στηρίζειν
2454 536 2517 588 ad

177 619 393 688 spiritale
441 619 690 671 ecclesiae
738 621 1013 672 aedificium
1061 622 1346 674 translatum
1393 623 1651 675 adhibetur
1706 624 1914 676 modo⁶⁰
1974 625 2037 676 de
2073 624 2188 677 Deo
2222 634 2272 679 et
2310 625 2516 679 Christo
2571 658 2574 691 3

178 717 303 774 eius,
343 727 371 762 a
406 711 581 778 quibus
621 712 837 765 ecclesia
861 713 1011 765 habet
1033 720 1086 765 ut
1110 715 1186 780 sit,
1224 715 1503 782 invictaque
1539 722 1860 782 perseveret:
1898 717 2046 769 modo
2065 719 2106 745 ⁶¹
2153 719 2217 770 de
2253 719 2514 785 apostolis,
2571 703 2574 705 ⁵

178 804 259 871 qui
322 805 696 871 πνευματικῶν
747 804 1097 873 χαρισμάτων
1145 808 1492 858 communione
1546 806 1758 860 creditas
1809 808 1901 860 sibi
1950 825 2072 862 oves
2122 811 2390 864 stabiliunt:
2457 828 2516 864 ac
2567 812 2570 813 ⁷

175 895 323 947 modo
371 895 434 947 de
475 902 747 963 episcopis,
821 898 904 964 qui
951 897 1012 949 ab
1064 898 1365 965 apostolis⁶²
1419 899 1582 965 missi,
1646 905 1695 950 et
1737 915 1767 951 a
1815 899 2211 968 Spiritu-sancto
2256 903 2512 971 regendae
2568 955 2574 959 ,,

177 987 422 1040 ecclesiae
445 990 490 1016 ⁶³
532 988 791 1057 praefecti,
852 990 1145 1043 iubentur⁶⁴
1186 992 1486 1060 advigilare,
1550 1008 1790 1060 suamque
1845 1007 2048 1060 operam
2095 995 2145 1045 in
2181 994 2230 1046 id
2268 994 2513 1062 conferre,
2569 993 2574 1015 ¹

175 1097 239 1133 ne
278 1083 361 1150 qui
395 1087 548 1148 stant,
601 1082 855 1151 decidant,
913 1090 962 1135 et
998 1084 1080 1150 qui
1117 1084 1476 1152 periclitantur,
1538 1084 1800 1136 infeliciter
1838 1092 2083 1137 corruant.
2157 1086 2314 1147 Quum
2351 1088 2515 1155 itaque
2572 1071 2574 1075 ¹

173 1172 319 1225 Petro
356 1173 547 1240 dicitur,
586 1175 674 1227 καὶ
712 1173 778 1226 σύ
813 1193 940 1227 ποτε
976 1179 1299 1243 ἐπιστρέψας
1336 1175 1575 1244 στήριξον
1610 1195 1734 1239 τους
1760 1174 2031 1248 αδελφούς
2057 1193 2173 1242 σου,
2209 1197 2401 1231 munus
2439 1178 2516 1231 illi
2572 1204 2574 1209 ·

175 1263 520 1333 officiumque
566 1273 881 1336 iniunqitur,
945 1286 1042 1334 quo
1099 1267 1366 1322 architecti
1416 1275 1587 1322 instar
1639 1270 1887 1322 divinitus
1935 1267 2085 1322 electi
2132 1278 2312 1367 partes
2358 1270 2515 1324 eccle·

173 1363 376 1411 siastici
412 1358 641 1427 aedificii
677 1367 947 1424 contineat,
986 1360 1202 1425 roboret,
1239 1368 1579 1428 immotasque
1616 1369 1842 1414 tueatur.

358 1456 476 1503 204.
553 1452 801 1513 Quasnam
847 1468 968 1505 vero
1015 1460 1181 1521 partes
1231 1454 1589 1507 confirmandas
1626 1452 1848 1522 recepit?
1898 1455 2094 1522 quodve
2132 1454 2514 1507 confirmationis
2565 1511 2574 1527 J

175 1558 335 1611 genus
370 1550 688 1611 praeceptum
726 1545 794 1596 illi
831 1543 955 1597 fuit?
1018 1547 1080 1598 de
1110 1545 1351 1612 partibus
1387 1547 1518 1598 nulla
1562 1562 1676 1599 esse
1724 1553 1886 1614 pot-est
1933 1548 2301 1613 controversia,
2365 1562 2513 1615 quum

174 1635 269 1687 hae
307 1635 648 1703 significentur
687 1636 876 1703 verbiS,
938 1635 1182 1705 στήριξον
1216 1636 1340 1700 τούς
1377 1636 1648 1710 ἀδελφούς
1685 1653 1811 1691 oov:
1868 1637 2070 1690 fratrum
2115 1644 2278 1690 autem
2314 1639 2514 1691 nomine
2568 1627 2574 1709 {e

176 1729 347 1781 venire
385 1727 667 1794 apostolos,
724 1745 789 1780 ex
823 1729 883 1781 iis
918 1737 1112 1783 constet
1147 1733 1339 1799 quae⁶⁵
1383 1731 1719 1784 disseruimus.
1790 1731 2059 1798 Apostolos
2096 1732 2244 1799 igitur
2276 1731 2370 1784 sibi
2407 1747 2517 1783 cre·

175 1820 327 1888 ditos,
387 1822 781 1888 commissosque
820 1819 1031 1889 ιέμέσως
1070 1823 1253 1875 habuit.
1328 1823 1581 1890 Proxime,
1634 1824 1860 1890 inquam,
1897 1839 1956 1876 ac
1991 1820 2225 1891 ἀμέσως,
2264 1823 2509 1890 siquidem

172 1916 412 1981 ὲμμέσως
454 1912 647 1979 fideles
691 1930 911 1980 prorsus
961 1932 1132 1966 omnes
1185 1916 1401 1968 tuendos
1451 1915 1743 1983 susceperit.
1815 1915 2000 1967 Rerum
2038 1915 2168 1967 enim
2205 1921 2378 1967 natura
2413 1930 2514 1988 non

174 2005 313 2073 sinit,
363 2011 415 2057 ut
449 2007 714 2058 universae
750 2005 967 2058 fidelium
1002 2008 1257 2059 concionis
1295 2008 1342 2059 ei
1374 2007 1554 2059 tributa
1596 2022 1714 2059 cura
1753 2007 2058 2075 denegetur,
2109 2023 2258 2074 quem
2295 2007 2512 2060 Christus
2571 2034 2574 2066 ς

173 2097 234 2149 ad
283 2097 645 2151 confirmandos
691 2100 976 2151 nominatim
1026 2099 1276 2167 apostolos
1322 2099 1608 2167 designarit.
1683 2098 1734 2153 Si
1771 2100 1850 2151 cui
1885 2114 2099 2166 namque
2131 2105 2402 2165 pastorum
2438 2105 2513 2150 tu-
2571 2083 2574 2129 ἶ

173 2188 277 2242 tela
315 2190 634 2259 adscribitur,
693 2192 855 2243 eidem
905 2198 1074 2244 ovium
1127 2209 1319 2258 quoque
1367 2191 1581 2244 tutelam
1632 2192 1846 2245 adscribi
1881 2190 2192 2242 manifestum
2227 2196 2330 2242 est:
2389 2191 2516 2242 etsi
2569 2176 2574 2230 ἶ

174 2284 253 2333 cui
286 2284 587 2351 praecipitur
622 2291 675 2336 ut
709 2283 975 2337 columnas
1027 2287 1292 2350 sustentet,
1349 2285 1511 2336 eidem
1549 2299 1747 2352 quoque
1786 2284 2003 2351 praecipi
2038 2289 2092 2334 ut
2128 2288 2347 2334 minores
2386 2281 2513 2348 lapi·
2564 2308 2566 2310 ·

174 2375 263 2426 des
303 2375 568 2442 suffulciat,
630 2392 778 2428 nemo
816 2393 965 2429 sanus
1004 2376 1280 2428 diffiteatur.
1354 2376 1530 2428 Verbis
1569 2377 1744 2444 igitur,
1807 2372 2050 2442 στήριξον
2085 2371 2207 2443 τούς
2242 2371 2513 2444 ἀδελφούς

173 2483 299 2530 σου,
362 2468 538 2535 quibus
575 2467 719 2520 Petro
758 2466 1062 2535 confirmatio
1100 2468 1444 2535 apostolorum
1491 2467 1703 2537 ἁμέσως
1750 2467 2000 2531 tribuitur,
2064 2467 2226 2519 eidem
2270 2451 2513 2536 ’ἑμμέσως
2560 2488 2562 2490 ’

171 2565 489 2611 ιαιὶυενεὶιαε
514 2558 757 2627 fidelium
794 2560 1142 2628 confirmanda,
1179 2561 1460 2628 tuendaque
1499 2560 1886 2612 commendatur.

352 2652 428 2704 Ac
468 2671 526 2704 eo
563 2655 760 2719 quidem
798 2653 1230 2721 confirmationis,
1287 2657 1716 2718 protectionisque
1755 2669 1968 2721 qenere,
2029 2666 2128 2718 quo
2176 2651 2359 2703 nullum
2409 2652 2514 2702 sive

175 2747 514 2797 necessarium
556 2748 750 2814 magis,
812 2749 918 2799 sive
967 2746 1308 2813 praestantius.
1383 2743 1696 2795 Confirmatio
1736 2745 1868 2796 enim
1906 2743 2224 2810 praecipitur,
2279 2757 2373 2809 qua
2423 2743 2514 2793 im·
2564 2796 2566 2798 ,

174 2839 368 2889 minens
407 2853 471 2889 ex
507 2844 640 2905 astu,
694 2837 1045 2905 fraudibusque
1081 2844 1282 2889 satanae
1316 2837 1563 2903 pernicies
1601 2842 1924 2888 averteretur.
1998 2833 2314 2901 Impendebat
2351 2839 2512 2884 autem

170 2932 418 2997 pernicies
439 2930 486 2958 ⁶⁸
527 2931 789 2983 excidendi
824 2948 852 2983 a
886 2931 996 2982 fide.
1058 2929 1173 2982 Eius
1210 2929 1361 2996 igitur
1396 2927 1780 2979 confirmationis
1822 2934 2002 2979 auctor
2035 2927 2295 2978 instituitur
2322 2924 2509 2990 Petriis,

172 3037 267 3088 qua
299 3022 455 3089 fieret,
493 3041 558 3074 ne
594 3022 860 3075 columnae
895 3021 1158 3086 ecclesiae,
1196 3027 1522 3086 minoresque
1553 3028 1733 3086 partes
1769 3026 1971 3071 iactura
1986 3017 2122 3086 fidei
2155 3016 2317 3068 eloco
2348 3024 2515 3068 motae
2557 3062 2560 3067 .

165 3113 607 3181 proturbataeque
662 3114 727 3167 ab
778 3114 1130 3167 ecclesiastico
1180 3112 1417 3181 aedificio
1455 3111 1706 3181 funditus
1755 3116 2145 3177 separarentur.
2233 3108 2340 3169 Quo
2389 3123 2511 3160 sane
2554 3103 2556 3106 ’

171 3206 552 3260 confirmationis
591 3209 698 3260 iure
738 3207 1003 3276 officioque
1042 3207 1161 3258 nihil
1198 3205 1480 3270 sublimiuS‚
1542 3204 1662 3255 nihil
1697 3219 1787 3271 pro
1825 3217 1922 3271 quo
1958 3203 2287 3269 impensiores
2325 3200 2512 3267 gratiae

171 3298 363 3351 Christo
402 3300 653 3353 Servatori
688 3300 990 3367 habeantur,
1047 3316 1105 3351 ac
1143 3299 1344 3350 omnino
1381 3296 1499 3348 nihil
1536 3311 1634 3364 quo
1669 3294 1752 3346 vel
1784 3293 1991 3347 habitus
2034 3291 2251 3345 Petrum
2288 3298 2426 3344 inter
2463 3298 2513 3343 et

169 3391 447 3457 apostolos,
484 3398 979 3458 universitatemque
1008 3390 1244 3460 fidelium
1270 3390 1516 3442 divinitus
1544 3393 1853 3439 constitutus
1879 3387 2164 3438 evidentius
2190 3386 2510 3451 ostendatur,

169 3482 256 3534 vel
290 3481 443 3535 Petri
479 3482 707 3548 ἐξουσία,
745 3492 1008 3550 potiorque
1045 3488 1334 3536 auctoritas
1370 3480 1694 3547 splendidius
1731 3480 2122 3552 demonstretur.

351 3582 468 3627 205.
543 3577 615 3628 Eo
650 3593 862 3644 namque
888 3577 1060 3628 Petrus
1081 3593 1210 3642 prae
1245 3572 1490 3641 apostolis
1519 3579 1757 3639 primum,
1797 3588 1872 3624 ac·
1889 3558 2017 3638 prae
2043 3569 2288 3639 fidelibus
2328 3571 2509 3622 dein‘de

170 3666 405 3720 omnibus
442 3676 671 3734 supremi
706 3675 878 3733 instar
914 3667 1187 3721 architecti
1219 3667 1554 3732 constituitur,
1594 3666 1676 3733 qui
1715 3665 2003 3717 eorumdem
2038 3670 2092 3716 in
2119 3662 2233 3732 fide
2269 3669 2509 3715 constan·
2551 3691 2554 3738 ᾗ

276 3824 351 3887 ⁶⁰)
387 3802 530 3872 Rom.
554 3826 672 3873 xv1.
711 3826 802 3889 25,
850 3826 883 3872 1.
913 3827 1068 3872 Thess.
1105 3826 1179 3871 111.
1220 3823 1295 3886 13,
1361 3882 1374 3893 .
1494 3821 1569 3884 ⁰³)
1608 3821 1710 3868 Act.
1746 3821 1841 3867 xx.
1879 3821 1958 3867 28.

169 3911 223 3958 11.
253 3913 407 3959 Thess.
445 3914 499 3960 11.
541 3914 624 3977 17,
662 3916 693 3962 1.
720 3916 837 3961 Petr.
874 3917 930 3962 v.
972 3916 1047 3961 10.
1363 3892 1367 3896 ”
1494 3911 1570 3972 ⁰⁴)
1604 3910 1750 3970 Apoc.
1787 3909 1860 3955 111.
1897 3910 1942 3956 2.

276 4000 351 4062 6·)
387 4003 513 4049 Rom.
550 4003 583 4048 1.
625 4003 713 4064 11,
750 4004 852 4050 Luc.
889 4003 1027 4050 xxu.
1064 4002 1143 4049 32.
1495 3999 1569 4061 65)
1606 4014 1678 4045 nn.
1715 3997 2012 4045 201—202.

276 4089 351 4151 ⁶²)
386 4090 421 4137 1.
455 4092 610 4137 Thess·
647 4092 722 4140 111.
759 4093 805 4141 2.
1491 4087 1566 4150 ⁶⁶)
1603 4087 1706 4134 Luc.
1742 4087 1881 4135 XXII.
1919 4084 1999 4133 32.
