2574 4276
1023 166 1264 222 CAPUT
1333 167 1430 221 VI.
2276 166 2378 217 45⁷

73 310 415 379 metaphoricis
453 308 627 361 Christi
674 307 839 360 verbis
888 312 1088 374 insitae,
1127 324 1353 376 quaeque
1392 323 1455 360 ex
1498 307 1558 360 iis
1605 305 1749 359 obvia
1782 320 2034 375 pronaque
2071 302 2276 372 analysi
2301 307 2370 333 ¹⁰¹

75 403 377 454 educuntur.
696 405 698 407 ’

257 492 392 552 Quae
431 493 473 543 si
511 491 572 542 ad
618 490 878 542 ecclesiam
915 489 1136 556 aedificii
1178 490 1377 541 nomine
1415 505 1728 557 expressam,
1781 496 1830 541 et
1862 489 1923 541 ad
1959 489 2153 539 Petrum
2179 486 2382 557 funda-

75 590 229 635 menti
254 583 578 651 appellatione
604 582 926 649 significatum
961 581 1299 648 traducantur3
1337 580 1462 631 haec
1497 582 1707 632 existent
1741 581 2014 632 certissima
2049 580 2381 631 consectaria:

76 676 110 726 l.
146 675 339 727 Petrum
378 689 490 726 esse
526 671 819 724 nobiliorem
838 677 1180 737 potioremque
1215 671 1459 723 ecclesiae
1487 674 1557 698 ¹⁰²
1594 677 1819 737 partem:
1857 671 1910 722 ΙΙ.
1947 688 2017 721 ea·
2041 687 2098 721 eo
2123 670 2384 722 ecclesiam

78 767 357 817 universam
390 765 631 830 pendere:
679 763 755 814 111.
793 778 907 814 eum
943 777 1056 814 esse
1095 767 1396 827 principium
1444 768 1836 828 proti-imamque
1889 766 2134 830 oriyinem
2161 763 2231 788 ¹⁰³
2283 767 2383 812 tum

68 855 343 923 firmitatis
382 871 475 923 qua
511 854 722 906 ecclesia
756 854 934 904 invicta
970 858 1071 918 est,
1121 867 1267 919 quum
1303 859 1519 905 unitatis
1557 869 1653 920 qua
1690 853 1915 920 singulae
1961 853 2066 905 eius
2099 859 2261 920 partes
2299 866 2383 903 co-

73 947 303 1014 haerent,
355 961 605 1012 unumque
653 943 924 996 aedificium
966 943 1290 994 constituunt:
1343 950 1391 995 et
1434 945 1511 995 IV.
1563 949 1789 996 constare
1836 943 1928 996 sibi
1975 943 2238 1000 ecclesiam
2283 958 2383 995 non

75 1053 224 1105 posse
263 1024 297 1088 a
333 1035 494 1087 Petro
531 1036 765 1100 divisam,
802 1048 965 1100 neque
1003 1031 1128 1084 alibi
1161 1017 1368 1100 reperiri
1404 1049 1548 1101 quam
1589 1032 1678 1085 ubi
1710 1034 1882 1086 Petrus
1918 1035 2174 1086 invenitur.

252 1127 379 1188 Quid
413 1141 562 1194 porro
599 1126 675 1177 his
712 1128 1046 1175 consectariis
1084 1129 1166 1174 aut
1200 1123 1404 1176 validius
1451 1125 1513 1176 ad
1545 1125 1672 1177 Petri
1715 1131 1994 1191 primatum
2037 1127 2386 1194 statuendum,

75 1224 156 1270 aut
191 1218 253 1268 ad
287 1217 414 1267 illius
450 1222 551 1267 vim
596 1221 942 1279 rationemque
990 1211 1351 1278 amplicandam
1396 1214 1674 1283 insignius?
1722 1217 1944 1267 statuitur
1975 1217 2206 1283 primatus
2239 1217 2383 1284 Petri,

74 1315 239 1377 utpote
275 1308 358 1375 qui
393 1321 493 1358 non
529 1306 668 1358 aliter
704 1321 848 1374 quam
883 1310 936 1356 ut
971 1310 1136 1370 potior
1173 1303 1484 1371 nobiliorque
1533 1305 1779 1358 ecclesiae
1811 1324 1939 1373 pars
1975 1314 2382 1375 repraesentetur.

74 1400 307 1452 Eiusdem
342 1400 416 1450 vis
453 1399 676 1464 ratioque
713 1397 973 1464 colligitur,
1013 1411 1161 1462 quum
1195 1396 1365 1448 Petrus
1402 1396 1687 1449 exhibeatur
1721 1396 2002 1467 efficientis
2044 1399 2214 1450 instar
2241 1405 2384 1463 prin-

79 1498 194 1557 cipii
230 1510 258 1542 e
283 1507 382 1556 quo
416 1495 668 1541 unita-tem
683 1487 1088 1555 firmitatemque
1113 1487 1326 1540 ecclesia
1350 1494 1605 1556 mutuatur,
1644 1495 1693 1541 et
1728 1507 1843 1542 cum
1874 1507 1970 1555 quo
1993 1490 2154 1542 iuncta
2178 1491 2384 1542 sociata-

75 1599 171 1651 que
207 1598 412 1634 manere
450 1581 598 1632 debet
625 1596 690 1631 ne
728 1579 964 1630 dilabatur
1000 1584 1049 1630 et
1084 1578 1321 1630 concidat.

254 1674 371 1726 Jure
398 1687 520 1740 ergo
552 1672 797 1739 Origenes
826 1673 895 1696 ¹⁰⁴
937 1674 1003 1721 ac'
1019 1669 1260 1722 Eusebius
1285 1674 1355 1700 ¹⁰⁵
1386 1685 1639 1739 monuere,
1674 1690 1950 1738 numquam
1977 1671 2162 1724 resolvi
2185 1673 2385 1724 domum

78 1765 236 1833 illam,
273 1765 403 1816 idest
439 1764 716 1826 ecclesiam,
755 1761 892 1827 quod
917 1760 1153 1830 fundata
1189 1767 1257 1813 sit
1292 1780 1453 1828 supra
1486 1770 1702 1828 petram.
1773 1764 1891 1816 Jure
1929 1763 1990 1815 de
2024 1779 2225 1815 romana
2260 1764 2388 1814 Petri

75 1857 285 1909 ecclesia
310 1856 542 1907 Irenaeus
576 1856 645 1881 ¹⁰⁰
679 1854 1036 1921 pronunciavit:
1075 1853 1147 1904 ad
1166 1854 1300 1905 hanc
1326 1852 1593 1906 ecclesiam
1612 1862 1823 1921 propter
1841 1849 2176 1920 potentiorem
2195 1859 2385 1919 princi-

69 1946 337 2014 palitatem
370 1964 584 1998 necesse
621 1953 700 1997 est
736 1961 930 1996 omnem
967 1950 1233 1996 convenire
1268 1944 1560 2010 ecclesiam,
1597 1945 1688 1998 hoc
1727 1952 1807 1998 est
1841 1965 1926 1998 eos
1963 1952 2051 2011 qui
2083 1952 2204 1997 sunt
2240 1945 2387 1997 undi-

76 2056 172 2103 que
200 2037 402 2105 fideles.
474 2037 591 2089 Jure
629 2037 896 2104 Cyprianus
926 2038 995 2062 ¹⁰⁷
1036 2036 1163 2088 Petri
1206 2036 1487 2088 cathedram
1530 2037 1756 2089 radicem
1798 2043 2156 2104 matricemque
2201 2053 2386 2090 nuncu-

72 2133 227 2197 pavit,
276 2143 628 2195 romanamque
666 2127 794 2179 Petri
845 2127 1107 2179 ecclesiam
1154 2127 1273 2178 dixit
1315 2127 1588 2179 ecclesiam
1634 2128 1993 2195 principalem,
2041 2130 2176 2181 unde
2212 2135 2384 2181 unitas

74 2218 415 2292 sacerdotalis
457 2225 643 2270 eoeorta
677 2225 779 2282 est,
830 2224 880 2270 et
916 2224 969 2269 in
1007 2235 1110 2284 qua
1145 2208 1363 2269 unitatis
1395 2224 1639 2287 oriqinem
1686 2218 1752 2270 ab
1787 2236 1893 2271 uno
1928 2226 2251 2286 incipientem·
2284 2239 2385 2272 sua

74 2313 288 2363 Christus
325 2315 635 2361 auctorita-te
683 2310 946 2375 disposuit.
1021 2310 1138 2361 Jure
1174 2309 1409 2362 Pacianus
1435 2313 1505 2347 ¹⁰⁸
1547 2311 1608 2362 ad
1660 2326 1809 2361 unum
1859 2311 2051 2362 Petrum
2100 2312 2386 2379 evangelica

75 2403 228 2454 verba
263 2401 440 2454 referri
466 2401 642 2464 docuit,
679 2409 738 2452 ut
772 2385 1057 2452 unitas‘eoe
1094 2419 1197 2451 uno
1220 2400 1458 2470 forma-ta
1493 2402 1863 2469 intelligeretur.
1935 2402 2052 2454 Jure
2090 2403 2289 2469 Optatus
2313 2405 2382 2430 ¹⁰⁹

75 2510 138 2545 ex
171 2493 494 2561 appellatione
526 2498 706 2557 petrae
739 2492 882 2544 Petro
915 2492 1064 2544 indita
1100 2493 1365 2560 conclusit,
1405 2499 1656 2545 unitatem
1699 2491 1971 2544 cathedrae
2022 2511 2135 2544 esse
2165 2499 2387 2558 primam

76 2585 138 2636 de
161 2583 362 2636 dotibus
400 2583 662 2649 ecclesiae,
701 2589 750 2634 et
786 2588 839 2634 in
875 2602 982 2635 una
1018 2582 1170 2635 Petri
1205 2582 1447 2636 cathedra
1481 2590 1732 2636 unitatem
1767 2582 1833 2635 ab
1869 2582 2097 2636 omnibus
2134 2602 2247 2636 esse
2281 2602 2386 2635 ser-

75 2678 310 2739 vandam,
350 2677 412 2727 ita
451 2682 502 2726 ut
535 2673 859 2726 schismatici
887 2681 936 2726 et
971 2682 1268 2740 peccatores
1304 2681 1487 2739 essent,
1527 2682 1614 2740 qui
1648 2683 1825 2728 contra
1860 2675 2176 2744 sinqularem
2221 2677 2386 2728 cathe-

76 2769 224 2820 dram
280 2766 499 2819 alteram
551 2765 873 2818 collocarent.
959 2766 1077 2818 Jure
1138 2766 1428 2818 Ambrosius
1455 2769 1526 2794 ¹¹⁰
1577 2768 1704 2819 hanc
1750 2767 1915 2835 legem
1951 2767 2080 2833 tulit,
2131 2752 2220 2818 ubi
2267 2785 2386 2836 erqo

82 2857 293 2926 Petrus,
332 2856 402 2909 ibi
427 2855 667 2908 ecclesia.
739 2857 785 2907 A
813 2871 906 2923 qua
931 2873 995 2908 ne
1021 2858 1270 2908 minimum
1297 2857 1490 2924 quidem
1519 2858 1795 2926 discrepant
1818 2859 2102 2927 Hieronymi
2122 2862 2132 2886 ¹
2150 2862 2187 2886 ¹¹
2220 2860 2386 2925 verba,

187 3039 286 3101 ¹⁰¹)
320 3040 442 3095 Quae
477 3044 622 3084 autem
653 3038 714 3084 ita
740 3038 1002 3099 educuntur,
1039 3038 1194 3083 eadem
1385 3041 1483 3102 ¹⁰⁰)
1528 3041 1577 3087 In
1623 3041 1716 3086 Jes.
1760 3040 1957 3086 XXXIII.
2001 3040 2089 3102 20,
2146 3046 2190 3087 et
2232 3042 2384 3102 Praep.

79 3119 261 3189 ἀμέσως
295 3129 412 3174 dicta
450 3128 730 3186 revelataque
764 3127 936 3172 censeri
971 3126 1150 3172 debent.

190 3217 288 3278 ¹⁰²)
315 3216 376 3261 At
395 3217 602 3275 ecclesia,
622 3217 755 3261 Paulo
778 3216 1018 3275 interprete
1035 3215 1068 3260 I.
1091 3214 1192 3260 Cor.

80 3304 175 3349 XII.
202 3304 301 3364 28,
323 3304 487 3364 EpheS.
515 3305 589 3351 IV.
619 3304 702 3365 11,
739 3303 940 3349 fidelibus
976 3304 1037 3348 ita
1071 3315 1194 3348 com-

78 3393 269 3453 ponitur,
306 3398 354 3438 ut
382 3393 612 3453 apostolos
635 3393 832 3452 inprimis
860 3391 1192 3450 complectatur.

77 3478 324 3524 Exhibetur
374 3480 511 3538 igitur
561 3481 713 3527 Petrus
760 3486 806 3526 ut
852 3481 925 3539 qui
977 3478 1192 3538 apostolis

82 3567 286 3613 omnibus
320 3569 473 3627 potior
505 3569 590 3630 sit,
628 3569 803 3627 illisque
837 3567 1092 3628 praecellat.

189 3655 288 3716 ¹⁰⁸)
337 3655 483 3715 Atque
529 3656 641 3701 adeo
674 3657 908 3715 ‘insignem
956 3668 1057 3701 esse
1103 3667 1191 3699 non

78 3743 270 3802 primatu
314 3747 478 3789 tantum
524 3745 795 3807 archetypo,
835 3746 929 3805 ‘quo
975 3743 1191 3788 ecclesiae

79 3830 223 3875 unitas
263 3839 684 3892 praemonstretur,
737 3834 818 3879 sed
862 3834 1055 3893 primatu
1103 3846 1194 3876 ma-

78 3919 198 3963 xime
241 3915 532 3980 ἐνεργητικῷ,
579 3933 666 3979 quo
713 3921 866 3967 eadem
901 3922 1045 3966 unitas
1081 3920 1191 3978 effi—

80 4007 246 4052 ciatur.

191 4095 290 4156 ¹⁰⁴)
325 4095 372 4141 ln
408 4093 565 4141 Genes.
602 4096 722 4142 hom.
750 4095 868 4144 XIV.
903 4110 946 4142 n.
971 4095 1017 4142 2.

1276 3130 1448 3188 Evang.
1483 3129 1560 3175 lib.
1583 3129 1616 3174 I.
1655 3142 1782 3189 capp.
1808 3128 2029 3174 III—IV.

1386 3232 1484 3294 ¹⁰⁶)
1519 3231 1627 3277 Con.
1665 3232 1847 3277 HaereS.
1883 3231 1961 3277 lib.
1990 3231 2063 3277 111.
2100 3245 2195 3290 cap.
2225 3230 2299 3275 111.

1384 3333 1482 3394 ¹⁰⁷)
1518 3334 1680 3394 Epistt.
1717 3333 2017 3392 XLv—-Lv,
2064 3339 2109 3379 et
2144 3334 2187 3378 in
2218 3332 2294 3377 lib.
2332 3332 2387 3377 de

1277 3423 1455 3468 Unitate
1489 3422 1735 3468 Ecclesiae.

1386 3524 1483 3585 ¹⁰⁸)
1521 3523 1592 3569 Ad
1628 3525 1863 3583 Sympron.
1906 3525 2036 3582 epist.
2073 3521 2146 3567 111.

1383 3626 1483 3687 ¹⁰⁹)
1519 3625 1628 3672 Con.
1665 3626 1862 3673 Parmen.
1899 3625 2056 3670 lib.11.
2094 3638 2188 3684 cap.
2214 3623 2282 3685 113
2317 3624 2385 3668 cui

1276 3713 1522 3774 Cyprianus
1555 3714 1828 3773 praeluserat
1862 3713 1990 3771 epist.
2015 3712 2103 3758 XL.
2141 3712 2386 3757 affirmans:

1276 3817 1417 3849 unam
1452 3816 1551 3848 esse
1587 3802 1853 3848 cathedram
1897 3815 2035 3862 super
2068 3801 2250 3847 Petrum
2282 3800 2386 3846 Do-

1275 3893 1390 3938 mini
1422 3905 1535 3938 voce
1565 3890 1825 3948 fundatam.

1385 3993 1484 4054 ¹¹⁰)
1519 3992 1568 4038 In
1603 3993 1672 4037 Ps.
1698 3991 1744 4038 L.
1780 4005 1822 4036 u.
1849 3990 1928 4036 30.

1384 4094 1482 4157 ¹¹¹)
1518 4094 1661 4155 Epist.
1690 4092 1819 4140 LVII.
1856 4093 1912 4139 al.
1936 4091 2035 4140 XV.
