2574 4276
950 197 1210 263 CAPUT.
1262 200 1408 250 xm.
2223 206 2322 255 563
2369 247 2371 249 ,

202 340 320 388 202.
394 336 493 389 Sed
529 351 654 404 quae
693 352 868 407 vocum
905 343 1119 403 potestas
1149 354 1248 387 usu
1272 336 1508 403 loquendi
1531 339 1715 390 incerta
1741 346 1830 404 est,
1867 340 2041 391 eadem
2065 347 2322 405 contemtu,

25 427 375 498 adiunctisqae
411 434 660 478 sermonis
698 430 760 497 ita
800 428 1236 494 circumscribitur,
1296 434 1349 479 ut
1385 429 1540 480 nefas.
1560 430 1644 490 sit,
1703 410 1809 480 τῶν
1843 427 2095 501 ἀδελφῶν
2130 433 2327 482 nomine

27 518 148 570 alios
175 532 317 582 quarn
345 516 600 580 apostolos
625 518 918 586 intelligere.
965 521 1041 570 Ac
1076 535 1133 570 re
1170 535 1289 570 sane
1323 535 1439 570 vera
1475 520 1508 570 1.
1546 519 1612 581 hi,
1633 508 1914 570 dicuntur⁵⁵
1954 519 2186 590 ἀδελφοί·
2214 537 2328 581 σου,

29 623 150 678 quos
188 613 380 658 satanas
419 608 703 659 cribrandos
744 610 1122 675 depoposcerat,
1160 611 1241 675 qui
1279 610 1339 660 de
1377 610 1533 676 gradu
1567 611 1765 662 honoris
1802 612 2087 678 secumipsis
2126 618 2328 662 conten-

29 699 223 763 derant,
264 698 344 764 qui
382 696 493 748 cum
527 698 717 750 Christo
755 700 803 749 in
841 700 941 750 suis
977 699 1320 750 tentationibus
1355 700 1590 751 hactenus
1631 708 2022 766 permanserant,
2062 717 2185 768 quos
2224 703 2338 769 ipse.

27 806 54 839 a
79 789 216 839 Patre
254 788 616 853 custodiendOS,
658 790 1025 855 servandosque
1063 796 1333 856 acceperat,
1371 805 1592 856 quosque
1624 794 1944 842 communiter
1980 792 2149 858 plurali
2174 793 2330 843 forma

32 879 422 946 compellaverat,
463 875 605 929 εἶπεν
637 877 832 940 αὐτοῖς,
870 877 1016 944 ὑμεῖς
1054 877 1159 942 οὐχ
1192 878 1374 943 οὕτως,
1410 880 1606 947 μείζων
1641 884 1697 930 ἐν
1729 879 1878 947 ὑμῖν,
1905 886 1959 933 ἐν
1993 887 2132 949 με’σῳ
2161 882 2326 948 ὑμῶν,

27 969 178 1038 ὑμεῖς
213 973 334 1021 ἐστε.
361 970 411 1021 οἱ
448 967 897 1036 διαμεμενηκότες,
936 968 1246 1037 διατίθεμαι
1282 969 1433 1037 ύμῖν,
1467 969 1742 1038 ἐξῃτήσατο
1778 969 1931 1039 ὑμᾶς.
2002 973 2134 1023 Haec
2170 981 2338 1025 autem

32 1062 324 1112 coniunctim
377 1061 538 1111 omnia
588 1060 713 1119 solis
764 1061 1061 1111 conveniunt
1097 1060 1356 1124 apostolia.
1429 1061 1650 1128 Apostoli
1698 1077 1821 1129 ergo
1855 1046 2181 1130 ‘appellatione
2224 1065 2332 1115 τῶν

13 1134 287 1221 ’ἀδελφῶν
322 1166 420 1203 σου
455 1150 804 1218 significantur.

206 1243 284 1294 Ad
319 1243 444 1294 haec
479 1241 535 1292 ll.
567 1242 738 1307 dictio,
796 1238 1022 1308 ἀδελφοί
1058 1256 1183 1304 σου,
1220 1248 1467 1293 notionem
1502 1243 1716 1309 praefert
1751 1250 2141 1306 coniunctionis,
2174 1250 2333 1295 socie-

29 1325 265 1400 tatisque*
284 1350 371 1386 eos
406 1335 533 1385 inter
568 1334 648 1399 qui
686 1329 910 1402 ἀδελφοὶ
949 1332 1191 1398 (licuntur,
1257 1349 1314 1383 ac
1350 1333 1542 1384 Petrum
1563 1334 1659 1399 ‚qui
1684 1336 1986 1399 -pronomine
2035 1338 2130 1408 σοῦ
2165 1333 2330 1402 ὁρεὶς,-

31 1433 184 1477 natur.
258 1425 358 1478 Soli
395 1430 553 1476 autern
592 1429 701 1474 sunt
735 1423 955 1490 apostoli,
995 1425 1161 1490 quiin
1194 1439 1344 1474 unum
1380 1440 1490 1474 cum
1519 1423 1661 1474 Petro
1700 1424 1976 1490 collegium,
2015 1441 2073 1476 ac
2104 1427 2154 1476 in
2187 1441 2339 1477 unam*

3 1515 355 1582 *eamdemque
394 1517 688 1566 convenisse
712 1514 976 1580 «familiam,
1038 1517 1087 1564 in
1130 1514 1266 1565 libris
1314 1515 1428 1565 novi
1459 1514 1749 1566 ‘testamenti
1784 1515 2111 1581 perhibentur.
2176 1516 2330 1565 iidem

31 1607 179 1674 igitur
215 1613 340 1673 sunt,
380 1607 461 1673 qui
497 1606 791 1658 suavissimo
828 1607 934 1656 τῶν
971 1602 1221 1676 ἀδελφῶν
1257 1607 1454 1656 nomine
1492 1623 1518 1657 a
1557 1606 1754 1657 Christo
1780 1612 2119 1658 memorantur.

181 1698 317 1760 ‚Quo
367 1713 454 1750 eos
502 1698 667 1763 reipsa
714 1698 912 1747 nomine
964 1698 1162 1762 venire,
1225 1698 1416 1763 integra
1471 1697 1545 1747 111.
1601 1698 1830 1748 orationis
1885 1698 2040 1748 series
2096 1695 2332 1766 patefacit.

33 1789 191 1849 Quum
237 1791 368 1840 enim
414 1787 655 1854 apostolis
699 1794 897 1853 pariter
943 1786 1172 1848 omnibus
1211 1789 1418 1838 maxima
1455 1787 1689 1857 quaedam
1722 1788 1966 1854 pernicies
2003 1804 2033 1838 e
2070 1789 2332 1838 tentatione

24 1887 232 1944 *satanae
278 1879 610 1947 impenderet:
672 1877 818 1939 ἰδού,
882 1881 910 1930 ὁ
957 1879 1188 1939 σατανᾶς
1225 1876 1498 1946 ἐξῃτήσατο
1531 1876 1709 1944 ὑμᾶς
1746 1880 1839 1928 τοῦ
1869 1876 2094 1928 σινιάσαι
2133 1875 2206 1937 ῶς
2245 1875 2335 1927 τὸν

33 1973 203 2022 σῖτον.·
263 1971 481 2022 Christus
520 1972 602 2037 qui
638 1970 752 2022 illos
785 1976 983 2036 pariter
1019 1989 1193 2022 omnes
1231 1971 1279 2020 in
1316 1985 1452 2021 suam
1489 1969 1659 2036 fidem,
1711 1970 2127 2035 patrociniumque
2166 1982 2334 2029 susce-

31 2068 192 2128 perat,
252 2062 490 2113 hactenus
539 2062 858 2129 custodierat,
922 2078 979 2114 ac
1027 2076 1174 2128 porro
1223 2067 1326 2112 erat
1375 2067 1772 2126 conservaturus,
1832 2075 1920 2126 pro
1974 2059 2173 2109 victoria
2209 2057 2336 2107 Petri

35 2152 241 2213 εἰδικῶς
280 2154 460 2218 oravit,
498 2148 603 2220 ἐγώ
647 2152 704 2204 δὲ
739 2152 968 2217 ἐδεήθην
1002 2154 1119 2220 περὶ
1155 2154 1275 2214 σοῦ,
1317 2151 1400 2203 ἵνα
1436 2145 1506 2217 μὴ
1543 2151 1746 2219 ἐκλείπῃ
1782 2148 1812 2212 ἡ
1850 2150 2014 2207 πίστις
2052 2162 2175 2198 σον.-
2235 2154 2336 2197 tum

35 2246 265 2295 continuo
307 2244 507 2309 adiecit,
556 2246 644 2295 καὶ
680 2243 744 2295 σύ
781 2263 905 2296 ποτε
940 2248 1260 2313 ἐπιστρέψας
1305 2238 1542 2309 στήριξον
1586 2236 1707 2301 τούς
1755 2237 2018 2310 ἀδελφούς
2056 2254 2166 2288 σου.
2239 2237 2338 2287 Aut

35 2337 182 2402 igitur
221 2335 427 2401 apostoli
465 2343 574 2387 sunt
611 2338 692 2402 qui
728 2342 965 2388 vocantur
999 2334 1251 2404 ἀδελφοί,
1302 2340 1351 2384 et
1387 2333 1559 2399 quibus
1591 2349 1683 2397 per
1716 2329 1931 2381 Petrum
1966 2319 2183 2380 Christus
2221 2342 2338 2378 con-

36 2426 211 2493 suluit,
262 2433 341 2477 aut
376 2426 468 2477 illis
506 2428 553 2477 in
592 2428 873 2479 discrimine
913 2429 1127 2478 omnium
1151 2411 1372 2476 'maximo
1414 2423 1586 2488 defuit,
1636 2438 1854 2488 quosque
1892 2421 2084 2472 obiecto
2118 2418 2342 2485 periculo*

35 2516 361 2582 deterruerat,
399 2532 499 2567 non
534 2519 650 2569 item
689 2519 814 2570 facta
852 2534 965 2586 spe,
1003 2519 1343 2584 promissoque
1382 2514 1560 2565 auxilio
1595 2515 1849 2565 recreavit.
1925 2510 2063 2570 Quod
2096 2510 2337 2576 posterius

37 2623 182 2673 quum
219 2608 504 2658 incredibile
542 2611 627 2675 sit,
679 2616 728 2661 et
764 2627 791 2661 a
828 2610 993 2662 verbis
1031 2611 1163 2660 iuxta
1200 2624 1256 2658 ac
1296 2606 1357 2657 ab
1392 2605 1552 2657 officio
1590 2605 1753 2671 optimi
1789 2602 2062 2656 Servatoris
2099 2600 2338 2650 alienissi-

35 2714 194 2766 mum,
230 2700 472 2766 reliquum
508 2707 606 2767 est,
646 2707 698 2751 ut
733 2699 988 2770 ἀδελφῶν
1025 2701 1222 2751 nomine
1263 2697 1503 2763 designati
1538 2694 1742 2762 apostoli
1778 2694 2117 2759 intelligantur.

212 2796 326 2842 203.
396 2781 472 2842 De
510 2792 682 2858 quibus
719 2794 783 2844 ita
818 2793 964 2844 Jesus
1001 2791 1062 2842 ad
1093 2790 1310 2841 Petrum:
1371 2788 1458 2838 καὶ
1495 2784 1566 2849 σύΙ
1594 2803 1718 2836 ποτε
1750 2788 2064 2850 ἐπιστρέψας
2102 2778 2341 2846 στήριξον

34 2875 156 2942 τούς
191 2879 458 2951 ἀδελφούς
497 2896 608 2933 σου.
682 2882 735 2933 In
773 2898 868 2949 qua
905 2883 1145 2934 sententia
1177 2887 1231 2931 ut
1267 2879 1427 2929 omnia
1465 2878 1559 2928 sint
1595 2876 1865 2942 perspicua,
1903 2879 2138 2925 restat‘ut
2171 2864 2339 2937 paucis

35 2973 107 3023 vis
135 2976 344 3040 propria,
382 2975 620 3039 insitaque
656 2975 929 3039 imperativi
965 2971 1204 3038 στήριξον
1242 2975 1454 3036 potestas
1492 2967 1776 3018 declaretur.
1846 2965 1931 3016 Est
1977 2969 2136 3015 autem
2174 2960 2342 3043 στηρί-

37 3060 142 3124 ζειν
171 3062 374 3114 verbnm
401 3062 860 3130 architectonicum,
899 3065 1029 3115 unde
1068 3079 1177 3114 cum
1214 3061 1317 3112 aliis
1355 3059 1558 3109 vocibus
1595 3057 1654 3107 ad
1690 3049 1980 3116 τεκτονικὴν
2016 3052 2340 3119 spectantibus

35 3154 210 3213 crebro
232 3157 276 3182 ⁵⁶
317 3157 651 3223 coniungitur:
713 3156 846 3207 idem
885 3171 1034 3223 porro
1073 3154 1202 3205 valet
1236 3168 1292 3203 ac
1331 3148 1535 3215 στερεὸν
1571 3149 1762 3208 ποιεῖν,
1813 3145 2024 3214 efficere
2059 3151 2114 3194 ut
2150 3142 2346 3207 aliquid

0 3245 236 3310 {firmum
273 3252 542 3309 consistat,
578 3263 737 3311 neque
775 3252 938 3312 quati,
986 3242 1391 3313 labefactarique
1433 3246 1612 3306 possit.
1685 3238 1806 3288 Hinc
1857 3252 1955 3285 usu
2002 3232 2343 3298 metaphorico

36 3350 94 3384 ac
140 3337 188 3385 in
232 3336 391 3388 bibliis
435 3337 833 3403 frequentissimo
884 3336 955 3387 ad
995 3333 1417 3402 siqnificationem
1463 3329 1706 3382 moralem
1741 3327 2008 3378 traductum
2045 3326 2093 3376 id
2130 3326 2341 3389 denotat,

37 3426 166 3491 quod
202 3426 348 3478 latine
384 3428 613 3494 dicimus,
663 3427 861 3496 fulcire
898 3433 1119 3488 animos,
1158 3431 1291 3475 vires
1328 3439 1619 3491 εαῃῃενενο,
1657 3427 1805 3484 atque
1841 3424 1894 3468 in
1932 3422 2136 3487 arr-eppo
2167 3431 2343 3479 propo-

36 3521 134 3566 sito
169 3516 411 3568 stabilire.
486 3518 588 3569 Hac
625 3519 980 3586 significatione
1016 3515 1298 3582 accipienda
1337 3515 1426 3564 ista
1454 3515 1497 3538 ⁵⁷
1543 3518 1678 3562 sunt:
1719 3511 1879 3561 Γίνον
1912 3508 2214 3574 γρηγορῶν,
2255 3504 2342 3556 καὶ

36 3605 274 3673 σΐήριξον
307 3607 370 3660 τά
407 3604 562 3660 λοιπά
597 3604 638 3661 ἂ
675 3610 879 3676 ἔμελλες
917 3607 1224 3675 ἀποβαλεῖν.
1299 3601 1434 3655 Esto
1469 3601 1703 3670 afflans,
1741 3608 1789 3652 et
1823 3597 2070 3665 confirma
2107 3596 2339 3646 cetera⁵³

36 3716 167 3763 qaae
202 3707 451 3752 moritura
490 3706 652 3751 erant.
723 3700 908 3751 Eadem
945 3697 1296 3765 significatione
1334 3693 1563 3746 scribit⁶⁹
1594 3693 1790 3743 Petrus:
1827 3689 1878 3742 Ὁ
1914 3688 1973 3740 δὲ
2009 3685 2141 3747 θεὸς
2175 3684 2344 3753 πάσης

38 3787 286 3858 χάριτος,
347 3791 376 3841 ὁ
427 3790 649 3851 καλέσας
694 3788 836 3857 ἡμᾶς
883 3792 958 3850 εὶς
1005 3783 1098 3851 τήν
1147 3783 1367 3838 αἰῶνιον
1409 3783 1570 3836 αὑτοῦ
1620 3780 1779 3846 δόξαν
1813 3784 1869 3832 ἐν
1905 3780 2119 3847 Χριστῷ
2153 3776 2343 3840 Ἰησοῦ,

1173 3895 1195 3926 6

142 3941 215 4001 ⁵⁵)
251 3941 352 3986 Luc.
388 3941 523 3987 xxn.
562 3940 796 3986 31-33,
1335 3936 1410 3997 ⁵⁸)
1446 3936 1542 3981 Non
1576 3933 1707 3994 pauci
1742 3931 1921 3976 codices
1956 3930 2122 3989 legunt,
2158 3917 2192 3974 οἳ
2215 3922 2350 3988 ἔμελ-.

142 4027 215 4088 ⁵⁶)
252 4028 285 4072 Ι.
313 4028 426 4072 Petr.
464 4029 519 4073 V.
560 4027 635 4073 10.
1231 4022 1303 4077 λες
1337 4015 1628 4085 ἀποβάλλειν.

141 4115 213 4176 ⁵⁷)
250 4115 392 4175 Apoc.
428 4114 502 4160 111.
540 4114 585 4159 2.
1188 4113 1190 4116 ·
1335 4109 1415 4176 ⁵⁹)
1444 4108 1476 4154 1.
1502 4109 1618 4154 retr.
1655 4107 1709 4153 v.
1748 4105 1824 4151 10.

1843 4188 2011 4253 36*
