2574 4276
1067 149 1309 204 CAPUT
1344 153 1409 202 11.
2286 151 2354 200 3⁷
2357 154 2383 199 1

75 297 171 347 vim
214 293 516 361 'probationis
566 290 791 358 infringi,
851 306 1016 357 neque
1062 291 1188 342 illius
1241 305 1526 358 germanam
1573 291 1914 356 sinceramque
1961 288 2256 340 evidentiam
2307 294 2388 340 aut

75 386 290 439 imminui
333 390 414 436 aut
448 383 644 448 violari,
693 382 783 434 sed
828 381 1072 432 defectum
1110 381 1355 432 dumtaxat
1389 381 1639 432 hominum
1674 383 1940 448 vitiumque
1974 379 2210 448 patefieri.

252 481 333 526 35.
406 474 568 535 Quare
605 475 755 526 satius
792 472 942 524 multo
978 472 1136 536 fuerit,
1169 472 1332 539 'aliqua
1366 474 1511 524 tertio
1547 472 1659 524 loco
1695 479 1846 542 siqua
1880 486 2174 540 proponere,
2213 469 2388 538 quibus

75 573 224 628 certo,
258 564 571 631 probabilive
606 565 793 616 iude'cio
832 565 1146 628 decernatur,
1198 581 1452 628 quaenam
1489 568 1926 630 interpretationis
1978 562 2267 615 obscuritas
2318 560 2390 612 ad

71 656 164 708 hoc
199 658 332 722 quod
375 661 738 708 contemnimus
783 672 947 724 qenus
999 661 1252 733 revocari.
1285 654 1482 706 debeat.
1555 655 1615 706 Et
1655 656 1891 722 principio
1940 654 2137 720 quidem
2183 659 2389 722 siquam

77 748 218 800 nobis
258 764 370 799 esse
405 749 602 814 poterit,
650 748 692 798 si
728 746 1240 810 animadverterimuS,
1290 761 1390 797 non
1419 745 1679 812 tranquille
1721 761 1779 796 ac
1813 752 2012 812 pacate,
2059 745 2149 798 sed
2186 750 2388 796 conten-

76 840 216 905 tiose,
255 854 419 905 neque
456 840 563 890 sine
597 839 769 904 iurgiis
804 840 849 864 ⁴⁴
902 836 1218 902 dicteriisque
1253 837 1701 904 interpretationem
1746 835 1930 887 haberi.
2003 836 2080 886 Ab
2121 835 2218 887 hoc
2257 835 2387 886 enim

78 931 294 997 strepitu,
332 936 478 996 atque
516 929 576 980 ab
613 929 705 980 hac
742 929 1014 979 animorum
1052 927 1375 977 concitatione
1429 928 1604 977 mirum
1640 934 1943 994 quantopere
1979 927 2242 979 abhorreat
2276 926 2391 978 her-

79 1022 353 1072 meneutica
389 1019 657 1085 disciplina,
696 1019 810 1069 dum
845 1018 1065 1079 candide,
1102 1033 1161 1068 ac
1199 1034 1263 1068 ex
1298 1010 1467 1069 amore
1514 1018 1730 1069 veritatis
1766 1018 2018 1069 excolitur.
2097 1017 2228 1069 Nihil
2261 1010 2390 1069 enim

79 1118 155 1162 est
191 1127 251 1162 ea
287 1111 518 1172 sedatius,
555 1108 854 1175 tranquillius
871 1107 1012 1172 nihil,
1053 1123 1112 1158 ac
1148 1108 1266 1158 nihil
1293 1109 1423 1174 quod
1459 1112 1618 1176 magis
1647 1110 1859 1159 animum
1883 1110 2118 1160 intentum
2160 1108 2391 1176 postulet,

77 1201 622 1268 perturbationibusque
655 1199 878 1251 solutum.

257 1292 379 1342 Huic
404 1297 667 1358 cognatum
692 1289 980 1342 habebimus
1004 1295 1225 1358 siquam,
1264 1291 1305 1342 si
1331 1290 1456 1341 forte
1482 1292 1783 1358 noverimuS,
1819 1291 1967 1343 multo
1994 1307 2108 1345 esse
2140 1291 2389 1344 sollicitio-

79 1398 162 1435 res
201 1385 495 1450 interpretes
532 1389 591 1432 ut
626 1387 856 1446 opposita
892 1370 1105 1433 eludant
1143 1380 1518 1448 refellantque,
1576 1397 1721 1449 quam
1757 1388 1808 1433 ut
1843 1384 2037 1449 propria
2073 1389 2283 1435 statuant
2332 1400 2391 1435 ac

78 1474 428 1526 demonstrent.
499 1472 680 1524 Nescio
720 1474 850 1524 enim
889 1488 986 1540 quo
1024 1480 1167 1540 pacto
1202 1475 1483 1539 usuveniat,
1538 1473 1669 1540 quod
1716 1479 1880 1524 tamen
1917 1476 2180 1526 usuvenire
2216 1489 2388 1525 omnes

77 1565 314 1632 fatemur,
365 1571 417 1615 ut
464 1565 514 1615 in
566 1564 738 1637 alienis
785 1563 1054 1616 refutandis
1099 1579 1198 1616 non
1242 1571 1339 1615 tam
1394 1571 1655 1631 quaeratur
1707 1565 1836 1632 quod
1880 1581 2051 1616 verum
2101 1572 2201 1631 est,
2248 1581 2392 1633 quam

79 1655 210 1722 quod
265 1655 507 1722 prodesse
551 1669 757 1706 caussae
793 1661 1056 1721 utcumque
1102 1661 1293 1722 potest:
1352 1670 1453 1706 non
1501 1662 1599 1706 tam
1646 1663 1906 1723 quaeratur
1948 1657 2163 1708 veritatis
2215 1672 2394 1709 conse-

77 1748 269 1814 quuti0,
311 1761 457 1812 quam
493 1745 598 1797 laus
634 1745 879 1813 profligati
913 1746 1068 1798 hostis
1106 1752 1156 1797 et
1187 1746 1346 1812 pa'lma
1366 1747 1411 1773 ⁴⁵
1449 1748 1698 1799 victoriae.

252 1838 458 1889 Accedit
494 1843 542 1888 et
577 1843 798 1903 tertium,
840 1838 970 1904 quod
1005 1844 1106 1890 tum
1142 1838 1284 1889 nobis
1320 1844 1517 1904 praesto
1555 1841 1646 1890 erit
1685 1855 1831 1906 quum
1870 1839 2282 1904 intellexerimuS,
2329 1856 2390 1892 eo

79 1935 302 1997 spectare
326 1931 636 1996 interpreteS,
673 1935 726 1980 ut
763 1929 824 1980 ad
860 1935 1173 1997 praeceptum
1210 1931 1370 1980 animo
1410 1929 1590 1996 dogma
1626 1932 2074 1997 interpretationem
2113 1931 2267 1997 ipsam
2303 1931 2390 1983 fle-

77 2028 205 2074 ctant
228 2038 287 2074 ac
314 2027 602 2088 temperent.
674 2020 808 2072 Haec
834 2022 965 2073 enim
1001 2021 1261 2072 enarrandi
1296 2022 1421 2072 ratio
1447 2023 1493 2048 ⁴⁶
1533 2021 1948 2092 periculosissima
1974 2028 2065 2087 est,
2104 2037 2266 2089 eoque
2301 2037 2391 2074 suo

80 2112 231 2164 fertur
265 2113 501 2180 pondere,
538 2118 590 2162 ut
625 2126 724 2163 non
761 2127 790 2163 e
825 2111 986 2164 bibliis
1022 2111 1293 2180 profitenda
1341 2111 1464 2165 fides
1501 2111 1762 2178 educatur,
1811 2113 1901 2164 sed
1939 2111 2062 2165 fides
2097 2114 2192 2164 iam
2230 2115 2392 2165 animo

83 2202 338 2255 informata
381 2203 542 2254 bibliis
577 2204 695 2269 ipsis
741 2203 1055 2256 adscribatur.

260 2294 381 2346 Tum
416 2309 532 2346 esse
567 2300 772 2362 siynum
805 2297 997 2362 poterit,
1036 2297 1077 2348 si
1113 2311 1212 2347 non
1249 2305 1588 2363 quaecumque
1637 2297 1799 2347 omnia
1836 2296 1897 2347 ad
1934 2311 2159 2348 caussam
2196 2296 2391 2361 faciunt,

83 2401 239 2452 eaque
285 2385 490 2436 dextere
527 2385 852 2453 sollerterque
887 2388 938 2437 in
972 2402 1118 2438 unam
1158 2387 1362 2438 collecta
1400 2403 1654 2452 summam,
1695 2387 1786 2439 sed
1820 2387 2015 2455 singula
2057 2403 2297 2454 seorsum,
2336 2403 2393 2438 ac

81 2477 322 2543 discerpta
370 2478 518 2527 veluti
567 2477 785 2528 membra
832 2479 1071 2544 interpres
1121 2479 1364 2545 expendat
1417 2486 1562 2546 atque
1612 2479 1903 2530 consideret.
1978 2478 2069 2538 Qui
2117 2480 2245 2530 enim
2297 2479 2393 2529 hoc

80 2574 221 2633 pacto
258 2569 641 2634 interpretationi
687 2568 903 2635 student,
949 2569 999 2620 hi
1047 2585 1102 2621 se
1149 2570 1540 2637 splendidissimo
1589 2569 1870 2622 harmoniae
1920 2571 2393 2636 conspirationisque

79 2658 260 2709 lumIne
292 2660 496 2725 privant,
535 2658 743 2725 illosque
779 2660 953 2710 imitari
988 2661 1240 2727 videntur,
1279 2662 1360 2727 qui
1397 2661 1458 2712 de
1506 2662 1674 2727 specie
1720 2661 1972 2727 formaque
2013 2661 2222 2712 hominis
2270 2660 2395 2714 iudi-,

83 2751 236 2811 caturi
271 2765 371 2800 non
408 2756 574 2800 mutuo
614 2750 939 2803 cohaerentes
975 2759 1140 2818 partes
1176 2753 1497 2819 inspicerent,
1548 2751 1637 2803 sed
1675 2752 1897 2819 capillos,
1937 2751 2391 2819 ungues,'digitOS,

83 2841 235 2892 latera
271 2840 462 2891 divisim
499 2841 958 2908 contemplarentur.

258 2931 432 2998 Neque
468 2931 586 2982 illud
620 2932 778 2984 levius
821 2947 941 2985 sane
985 2934 1252 2999 indicium,
1305 2935 1348 2985 si
1395 2939 1512 3000 quot
1548 2934 1607 2985 ad
1655 2949 1877 2986 caussam
1922 2935 2167 3000 pertinent
2215 2940 2392 2999 textuS,

83 3028 151 3073 tot
175 3022 397 3087 diversiS,
425 3022 704 3089 dissitisque
731 3026 1091 3078 commentariis
1113 3025 1405 3091 explanandi
1430 3027 1540 3076 sint.
1616 3026 1717 3078 Sibi
1742 3040 1953 3091 namque
1981 3026 2160 3076 veritas
2186 3031 2390 3090 constat,

195 3194 267 3257 Μ)
317 3198 413 3242 Nisi
458 3203 579 3243 totus
622 3198 774 3259 fallor,
828 3200 1063 3246 discrimen
1108 3214 1196 3246 non
1282 3206 1445 3261 tatem,
1494 3201 1595 3246 dum
1639 3201 1864 3247 ardentius
1901 3201 2164 3262 adstruitur,
2213 3206 2393 3245 conten-

91 3284 288 3329 nltimum
323 3297 404 3329 eos
437 3286 552 3331 inter
586 3287 660 3345 qui
696 3287 896 3347 veritati,
933 3289 1096 3347 quique
1131 3303 1199 3334 er-
1283 3290 1537 3348 tionemque
1572 3290 1814 3350 impedire,
1860 3289 2095 3348 quominus
2137 3288 2255 3346 quod
2303 3302 2395 3334 me·
2441 3277 2451 3282 ,

93 3372 185 3417 rori
220 3373 573 3434 patrocinantur,
617 3375 704 3420 hoc
739 3381 830 3436 est,
875 3377 994 3434 quod
1029 3377 1093 3422 illi
1129 3391 1199 3422 ra·
1283 3378 1403 3423 dium
1438 3383 1508 3423 est
1542 3391 1595 3422 ac
1626 3384 1816 3436 rectum,
1855 3382 2112 3423 constanter
2142 3381 2358 3422 teneatur.

89 3461 267 3506 rissime
310 3461 602 3525 incalescunt,
651 3465 825 3523 sibique
872 3465 1051 3510 duriora
1098 3478 1200 3524 per·
1388 3464 1462 3526 ⁴⁶)
1516 3465 1650 3510 Cuius
1686 3466 1870 3526 periculi
1907 3471 1975 3510 tot
2008 3470 2212 3524 prostant
2245 3478 2395 3511 exem-

92 3551 293 3609 mittunt,
339 3550 384 3596 hi
419 3556 572 3597 contra
607 3558 653 3598 et
686 3558 889 3599 aestuant
932 3554 1198 3614 frequenter,
1283 3553 1381 3613 pla,
1428 3560 1536 3611 quot
1568 3555 1774 3599 novimus
1812 3554 2158 3598 commentarios
2205 3553 2395 3598 haereti-

88 3643 137 3683 et
172 3638 440 3697 frequentius
476 3640 607 3686 etiam
642 3642 962 3687 conviciantur.
1021 3640 1199 3685 Indoles
1284 3653 1460 3700 corum,
1498 3643 1571 3700 qui
1607 3648 1655 3687 ut
1689 3642 1879 3687 Hilarius
1915 3642 2110 3699 loquitur
2145 3641 2200 3686 de
2238 3642 2393 3687 Trinit.

90 3725 263 3771 scilicet
306 3726 616 3786 ingeniumque
660 3742 846 3774 caussae
891 3743 1002 3788 quae
1048 3729 1200 3774 defen·
1283 3729 1359 3774 lib.
1386 3729 1462 3776 VI.
1497 3744 1540 3776 n.
1568 3731 1647 3790 37,
1682 3731 1774 3775 vim
1808 3730 2008 3787 afferunt
2043 3730 2179 3774 dictis
2211 3730 2393 3790 ,olm-io·-

91 3813 225 3873 ditur,
261 3814 307 3859 in
341 3814 438 3874 ipsa
474 3815 733 3862 defensione
768 3822 951 3877 apparet
987 3831 1038 3861 ac
1062 3822 1198 3862 extat.
1282 3820 1375 3876 sis,
1429 3831 1482 3863 ac
1524 3824 1573 3864 ut
1616 3818 1822 3863 Irenaeus
1868 3817 2020 3862 subdit
2066 3830 2164 3863 con.
2211 3818 2393 3864 HaereS.

93 3900 158 3946 Cf.
193 3901 259 3948 De
292 3901 486 3962 Maistre,
520 3903 588 3950 Du
616 3904 748 3966 Pape,
782 3905 877 3951 Liv.
902 3905 936 3950 1.
973 3906 1097 3964 chap.
1123 3904 1198 3950 IV.
1282 3906 1360 3951 lib.
1384 3906 1439 3951 V.
1467 3919 1562 3965 cap.
1588 3905 1703 3951 XIII.
1726 3920 1769 3950 n.
1797 3908 1841 3966 5,
1877 3911 2103 3966 coquntur
2124 3905 2243 3952 haec
2265 3912 2395 3952 tanta

196 3989 270 4050 ⁴⁵)
305 3990 417 4035 Hinc
450 3991 556 4037 illud
588 4006 613 4038 a
637 3994 748 4038 viris
782 3992 1072 4052 prudentibus
1111 3993 1203 4038 ani·
1283 3994 1405 4041 male
1438 3995 1762 4053 interpretari,
1809 3995 1886 4053 qui
1919 4008 2059 4039 unum
2091 3994 2252 4040 nolunt
2286 3994 2397 4040 bene

96 4076 387 4138 madversum,
425 4079 563 4138 ipsam
601 4093 775 4138 quoque
807 4081 1050 4141 periclitari
1087 4081 1203 4125 veri·
1285 4082 1553 4143 intelliqere

1893 4168 2040 4228 24³⁶
