2574 4276
178 148 246 198 66
1055 138 1277 194 LIBER.
1346 137 1628 196 PRIMUS

175 286 351 352 habet,
391 283 641 351 singulare
679 280 859 334 exinde
884 278 1268 331 emolumentum
1294 278 1649 330 catholicorum
1675 293 1882 330 caussae
1905 280 2109 332 accedit.
2181 279 2341 332 Eccur
2378 281 2509 332 enim

163 365 344 430 ¹audito
371 376 567 444 Cephae
604 374 820 438 nomine,
857 369 1078 421 Patribus
1114 370 1165 420 in
1201 376 1420 421 mentem
1459 371 1691 421 continuo
1728 370 1879 436 venit,
1914 377 1968 426 ut
2000 371 2122 423 illud
2158 388 2271 424 cum
2305 373 2510 441 κεφαλῇ

179 474 559 537 componerent,
613 472 662 517 et
712 464 962 517 Simonem
1011 460 1125 511 ideo
1150 460 1383 527 -Cepham
1427 467 1759 528 nuncupatum
1807 460 2072 529 docerent,
2122 465 2509 533 quodomnium

180 568 324 629 caput
367 566 500 613 esset
546 550 847 608 institutum?
892 553 1146 604 notionum
1168 556 1235 620 ²⁵,
1287 570 1413 621 quae
1462 568 1518 604 se
1566 558 1734 604 mutuo
1779 554 1844 604 ita
1890 554 2202 622 exciperent,
2251 556 2377 608 haec
2412 572 2510 608 una

178 653 344 706 afferri
391 665 564 702 caussa
608 652 796 714 potest,
848 644 982 712 quod
1016 645 1355 713 vulgatissima
1401 660 1558 715 penes
1607 660 1782 696 omnes
1832 645 2054 697 doctrina
2101 654 2266 715 esset,
2314 649 2509 700 Petrum

178 744 509 812 apostolorum
548 744 691 805 caput
727 743 775 789 et
810 738 1108 805 principem,
1149 737 1340 790 Christo
1379 744 1606 805 auctore,
1644 736 1823 803 fuisse,
1859 743 2007 805 atque
2043 738 2172 789 hanc
2207 740 2333 793 illius
2369 738 2510 792 nobi-

178 837 411 888 lissimam
447 832 824 883 destinationem
863 830 969 897 ipso
996 828 1193 896 Cephae
1230 831 1430 882 nomine
1455 830 1856 898 praemonstrari.
1931 827 2121 881 Allusio
2160 846 2284 898 ergo
2323 831 2385 883 ad
2419 848 2509 884 no-

178 943 292 978 men
343 922 604 994 κεφαλήν,
653 939 779 990 quae
818 922 979 974 minus
1018 921 1222 974 dextere
1260 924 1475 975 cessisse
1512 921 1734 973 Patribus
1789 922 1948 972 videri
1992 923 2171 989 potuit,
2220 937 2281 973 eo
2331 939 2510 975 revera

176 1023 386 1086 spectat,
436 1022 489 1067 ut
537 1021 672 1067 certa
716 1014 810 1066 illis
861 1013 922 1065 de
969 1015 1328 1082 praerogativis
1375 1013 1530 1081 Petri,
1584 1013 1747 1080 deque
1786 1013 2022 1082 dignitate
2061 1016 2230 1082 capitis
2267 1016 2510 1081 sententia

171 1110 458 1177 plenissimo
497 1109 548 1159 in
583 1107 767 1158 lumine
811 1105 1097 1157 collocetur.

352 1206 436 1252 49.
508 1200 585 1252 Ac
620 1216 700 1251 me
739 1215 860 1251 sane
897 1198 1054 1267 fugit,
1088 1215 1151 1250 an
1187 1213 1334 1250 secus
1372 1198 1528 1265 accipi
1564 1197 1718 1249 verba
1754 1200 1967 1266 possint,
2019 1200 2193 1267 quibus
2234 1200 2434 1268 Optatus
2460 1203 2506 1228 ²⁶

176 1295 554 1346 Parmenianum
585 1292 861 1359 alloquitur,
895 1297 944 1342 et
973 1308 1002 1342 e
1029 1290 1204 1359 quibus
1230 1305 1470 1358 praesens
1497 1291 1837 1342 controversia
1866 1292 2174 1358 potissimum
2200 1292 2373 1343 oborta
2412 1298 2508 1344 est:

175 1387 410 1456 „Negare
446 1400 547 1436 non
582 1391 753 1452 poteS,
792 1384 922 1435 scire
958 1390 1008 1435 te
1045 1384 1095 1434 in
1131 1383 1255 1434 urbe
1291 1384 1449 1435 Roma
1484 1383 1629 1435 Petro
1662 1383 1819 1450 primo
1858 1383 2141 1436 cathedram
2180 1383 2511 1451 episcopalem

176 1495 290 1531 esse
329 1478 581 1545 collatam,
633 1479 683 1527 in
722 1491 818 1544 qua
867 1475 1054 1549 sederit
1091 1475 1309 1527 omnium
1347 1474 1680 1543 apostolorum
1717 1482 1870 1542 caput
1906 1475 2105 1543 PetruS,
2155 1476 2294 1527 unde
2331 1482 2379 1527 et
2418 1470 2512 1527 Ce-

169 1570 302 1638 phae
341 1569 608 1638 appellatus
659 1574 759 1635 est,
808 1569 859 1619 in
908 1584 1002 1635 qua
1049 1585 1147 1620 una
1184 1567 1418 1620 cathedra
1450 1568 1609 1618 unitas
1647 1566 1706 1618 ab
1754 1566 1979 1618 omnibus
2015 1570 2390 1635 servaret-urm,
2445 1584 2510 1618 ne

176 1664 331 1715 ceteri
366 1661 573 1730 apostoli
605 1647 825 1728 singulas
864 1661 957 1712 sibi
995 1661 1202 1728 quisque
1241 1660 1597 1728 defenderent,
1651 1667 1701 1712 et
1734 1660 1831 1710 iam
1868 1658 2209 1712 schismaticus
2248 1665 2296 1711 et
2331 1675 2510 1726 pecca-

175 1762 253 1807 tor
290 1761 449 1821 esset,
502 1754 585 1821 qui
635 1759 806 1804 contra
842 1752 1146 1820 singularem
1196 1752 1479 1804 cathedram
1516 1752 1719 1804 alteram
1757 1751 2076 1804 collocaret.“
2144 1750 2349 1804 Scilicet
2381 1750 2513 1818 quod

176 1848 397 1898 doctrina
434 1833 569 1898 esSet
605 1861 669 1896 ne
708 1845 962 1897 donatistis
1002 1844 1200 1911 quidem
1239 1859 1422 1912 anceps
1462 1850 1511 1895 et
1547 1843 1692 1896 dubia
1716 1846 1782 1912 ²⁵,
1830 1844 2027 1896 Petrum
2063 1843 2214 1895 fuisse
2264 1838 2511 1910 apostolo-

173 1954 282 1990 rum
320 1944 498 2003 caput,
536 1937 716 1988 factum
755 1944 858 2005 est,
907 1943 960 1987 ut
990 1941 1250 2002 utramque
1288 1936 1433 1988 simul
1467 1936 1629 1988 ideam
1661 1935 1857 2003 Cephae
1894 1942 1942 1987 et
1979 1936 2149 2001 capit-is
2187 1934 2388 2002 Optatus
2427 1949 2511 1984 co-

174 2031 377 2098 pularet.
451 2030 583 2082 Illius
632 2031 763 2082 enim
807 2045 908 2081 non
944 2029 1104 2081 minus
1150 2044 1296 2097 quam
1335 2028 1712 2081 christianorum
1748 2029 1965 2080 omnium
2006 2028 2195 2079 animos
2233 2041 2509 2094 occupave-

279 2218 354 2279 2⁵)
403 2217 526 2273 Quae
574 2217 748 2263 censeri
793 2218 901 2262 item
955 2230 1113 2262 caussa
1168 2216 1303 2263 debet

178 2320 327 2351 earum
354 2307 789 2369 interpretationum,
828 2320 938 2366 quas
968 2306 1299 2353 accommoda-

177 2402 248 2441 tas
270 2409 587 2455 nuncupamus.
642 2396 819 2448 Idcirco
846 2374 1037 2456 namque
1060 2397 1301 2442 familiares

176 2491 302 2531 erant
323 2485 555 2547 Patribus,
593 2486 714 2545 quod
747 2484 984 2531 familiaria
1015 2484 1103 2530 illis
1129 2490 1174 2530 et
1196 2485 1299 2530 trita

177 2579 327 2620 essent
377 2566 589 2636 δόγματα
607 2610 620 2631 ,
691 2575 747 2620 ad
805 2588 918 2634 quae
971 2573 1300 2634 Scripturarum

177 2663 309 2710 effata
346 2669 581 2723 utcumque
618 2662 814 2708 alludere
849 2663 1132 2710 videbantur.

282 2766 357 2829 26)
397 2766 506 2813 Con.
542 2766 743 2811 Parmen.
778 2766 855 2811 lib.
882 2765 936 2811 II.
977 2779 1075 2826 cap.
1101 2766 1154 2811 Π.
1208 2779 1213 2783 ·
1257 2770 1261 2774 ’

284 2861 359 2924 ²⁷)
401 2863 508 2908 Cum
543 2877 628 2922 qua
665 2862 842 2908 dicendi
878 2863 1067 2908 formula
1104 2862 1149 2907 in
1182 2862 1299 2908 libro

178 2951 369 3010 septimo
406 2951 657 3010 frequenter
689 2952 904 3013 repetita,
941 2952 982 2997 si
1016 2951 1302 2997 conferantur

179 3040 232 3101 1)
268 3054 381 3098 quae
417 3040 712 3098 Hieronymus
755 3041 903 3099 epistt.
941 3040 1298 3086 LVII—LXIII.

175 3129 357 3174 scribit:
394 3129 491 3189 Eyo
525 3129 702 3175 nullum
729 3130 931 3190 primum
953 3131 1046 3175 nisi
1074 3130 1300 3176 Christum

173 3233 379 3278 sequens,
414 3218 701 3264 Beatitudini
724 3225 844 3277 tuae,
880 3219 1014 3277 idest,
1051 3219 1300 3266 cathedrae

175 3308 299 3353 Petri
334 3309 651 3354 communione
674 3310 931 3354 consocior.
995 3308 1147 3368 Super
1169 3309 1300 3354 illam

170 3403 351 3456 petram
371 3398 667 3456 aedificatam
689 3398 932 3445 ecclesiam
953 3399 1080 3455 scio‚·
1113 3396 1167 3457 2)
1189 3411 1301 3456 quae

177 3486 312 3531 habet
336 3486 605 3534 Ambrosius
631 3489 676 3533 in
700 3488 771 3532 Ps.
790 3487 837 3533 L.
873 3502 916 3532 n.
939 3487 1030 3532 30:
1071 3485 1156 3531 Ubi
1190 3499 1300 3547 erqo

177 3575 363 3635 Petrus,
415 3578 482 3623 ibi
533 3578 762 3635 ecclesia3
813 3575 869 3636 3)
922 3589 1036 3634 quae
1086 3574 1301 3621 Pacianus

177 3664 308 3724 epist.
344 3665 418 3710 III.
455 3667 617 3712 docet:
664 3667 770 3727 Ipso
803 3665 1037 3723 referente
1069 3663 1300 3709 Matthaeo

170 3755 317 3815 paulo
352 3758 564 3815 superius
587 3757 651 3802 ad
672 3756 856 3802 Petrum
891 3754 1069 3800 locutus
1101 3758 1166 3799 est
1194 3752 1299 3798 Do-

176 3846 325 3891 minus
339 3879 353 3903 ,
395 3844 459 3889 ad
492 3859 634 3891 unum
666 3846 797 3903 ideo,
844 3849 895 3890 ut
926 3843 1149 3890 unitatem
1187 3842 1300 3900 for-

177 3941 324 3979 maret
359 3949 419 3980 ecc
453 3948 575 3992 uno3
621 3933 677 3995 4)
713 3947 826 3992 quae
862 3932 1110 3992 Cyprianus
1146 3931 1297 3990 epistt.

176 4023 292 4068 LXX
317 4022 592 4069 —LXXIIL
642 4023 865 4068 affirmat:
924 4021 1076 4082 Super
1118 4019 1302 4066 Petrum

176 4113 444 4171 aedificavit
463 4112 691 4159 Dominus
714 4111 959 4158 ecclesiam
984 4124 1143 4171 suam,
1176 4109 1302 4157 unde

1384 2217 1576 2262 unitatis
1623 2217 1849 2278 oriqinem
1885 2221 1929 2262 et
1961 2214 2157 2261 instituit
2204 2219 2249 2260 et
2290 2212 2511 2271 ostendit,-

1387 2305 1799 2351 manifestissimum
1847 2305 1955 2367 erit,
2008 2303 2148 2349 verba
2191 2302 2363 2348 Irenaei
2409 2315 2509 2347 con.

1387 2394 1570 2440 HaereS.
1607 2394 1683 2439 lib.
1710 2393 1785 2439 111.
1823 2408 1920 2454 cap.
1946 2392 2030 2438 111:
2093 2391 2169 2439 Ad
2221 2392 2343 2438 hanc
2389 2393 2511 2438 enim

1387 2483 1630 2530 ecclesiam
1658 2489 1851 2544 propter
1868 2484 2097 2544 pot-iorem
2114 2481 2512 2543 principalitatem

1384 2586 1571 2619 necesse
1614 2579 1680 2619 est
1724 2587 1901 2619 omnem
1947 2573 2196 2619 convenire
2237 2571 2508 2630 ecclesiam,

1383 2662 1472 2709 hoc
1494 2669 1561 2709 est
1584 2676 1686 2722 eos,
1724 2664 1803 2724 qui
1832 2669 1938 2709 sunt
1970 2662 2173 2722 undique
2202 2659 2393 2719 fideles:
2427 2673 2509 2704 usu

1383 2751 1593 2811 loquendi
1617 2752 1927 2798 ecclesiastico
1956 2751 2289 2810 circumscripta
2316 2750 2383 2794 sic
2408 2762 2508 2794 esse

1385 2845 1431 2886 et
1473 2841 1677 2903 definita,
1727 2846 1776 2887 ut
1820 2841 1876 2887 de
1922 2841 2009 2886 alio
2054 2839 2242 2897 intelligi
2285 2841 2506 2883 conventu

1383 2934 1625 2991 nequeant,
1673 2944 1805 2989 quam
1852 2929 2052 2975 eiusdem
2088 2928 2190 2974 fidei
2226 2932 2271 2985 et
2306 2939 2506 2972 commu-

1383 3019 1547 3075 nionis.

1490 3129 1565 3190 ²⁸)
1613 3128 1760 3183 Quare
1806 3142 1861 3173 ne
1910 3127 1965 3172 ab
2013 3125 2203 3171 ecclesia
2252 3126 2394 3171 avulsi
2437 3139 2508 3171 se-

1383 3219 1617 3279 paratique
1666 3216 1943 3276 viderentur,
2003 3215 2188 3260 Romam
2247 3230 2299 3260 ea
2358 3220 2505 3260 mente

1383 3307 1855 3369 pseudo-episcopum
1880 3304 2116 3364 miserunt,
2154 3309 2202 3349 ut
2237 3305 2412 3363 quoties
2450 3304 2504 3348 ab

1384 3397 1653 3443 orthodoxis
1689 3393 1994 3441 vehementius
2029 3398 2317 3454 urgerentur,
2365 3392 2507 3451 deque

1385 3500 1464 3532 sua
1501 3499 1601 3531 cum
1635 3483 1752 3530 Petri
1788 3493 2054 3528 successore
2090 3482 2405 3527 communione
2441 3481 2508 3525 in-

1383 3578 1749 3634 terrogarentur,
1806 3570 2080 3629 respondere
2135 3574 2354 3630 possent,
2420 3569 2509 3614 sibi

1385 3660 1712 3710 communionis
1746 3659 1920 3704 litteras
1951 3673 2008 3705 ex
2031 3660 2151 3705 Urbe
2184 3658 2382 3704 redditas
2418 3669 2508 3702 non

1385 3753 1560 3799 deesse.
1628 3747 1821 3795 Huiusce
1857 3748 2025 3793 fraudis
2060 3749 2191 3794 testis
2227 3751 2297 3792 cst
2322 3745 2507 3805 Optatus

1382 3842 1461 3888 lib.
1484 3840 1538 3886 II.
1584 3834 1683 3898 cap]
1710 3836 1794 3898 IV,
1841 3837 1915 3896 qui
1951 3837 2221 3897 donatistiS,
2266 3849 2396 3895 quum
2433 3848 2507 3879 ca-

1384 3929 1562 3976 tholicis
1605 3925 1954 3988 responderent,
2003 3927 2116 3972 haec
2150 3923 2287 3970 verba
2324 3923 2506 3968 tribuit:

1383 4019 1479 4066 Sed
1511 4023 1556 4064 et
1586 4015 1756 4063 habere
1797 4028 1878 4061 vos
1923 4016 1974 4062 in
2006 4014 2120 4062 urbe
2153 4012 2297 4058 Roma
2324 4018 2506 4073 partem

1385 4107 1589 4170 aliquam
1614 4104 1781 4153 dicitis.
