2574 4276
1061 181 1304 239 CAPUT
1374 182 1444 236 X.
2298 190 2395 239 531

93 326 306 396 partibus
339 332 593 378 recreatus
627 331 717 377 est.
788 323 1014 390 Denique
1052 324 1133 375 hic
1170 325 1216 375 ei
1250 325 1611 391 redintegratus
1646 329 1722 374 est
1758 329 1936 390 status,
1976 329 2026 374 et
2059 329 2114 374 in
2149 322 2244 376 hac
2279 327 2402 377 sede

92 424 311 483 requiem
362 421 726 468 communionis
775 416 986 480 invenit,
1047 415 1096 467 in
1143 430 1237 482 qua
1292 430 1493 480 semper
1546 412 1806 465 catholicis
1861 414 2195 466 subvenitur.“
2275 415 2403 467 Ante

93 509 424 560 Caelestinum
459 523 580 559 vero
617 508 678 558 de
715 506 894 558 eodem
929 505 1227 571 Athanasi0,
1289 505 1449 572 deque
1500 506 1605 556 eius
1657 519 1949 557 successore
1985 505 2127 556 Petro
2163 506 2403 574 Hierony-

91 613 198 650 mus
222 600 292 625 ’Μ
331 599 615 665 scripserat:
674 596 1026 664 „Alexandrini
1063 596 1373 663 sacerdotes,
1410 611 1535 663 papa
1570 595 1889 663 Athanasius,
1939 602 1988 647 et
2021 602 2195 663 postea
2230 596 2402 648 Petrus

90 690 522 755 persequutionem
558 690 754 739 arianae
800 687 1071 738 haereseos
1121 686 1448 753 declinantes,
1509 691 1662 751 quasi
1707 688 1777 738 ad
1819 693 2135 738 tutissimam
2184 705 2402 739 comma-

92 785 258 830 nionis
294 797 425 830 suae
452 786 657 845 portam
692 778 897 829 Romam
936 776 1312 844 confugerunt.“

268 869 672 921 Animadvertunt
708 868 909 934 deinde,
956 869 1071 919 tanti
1104 874 1364 935 propterea
1401 867 1674 919 faciendam
1711 884 1825 920 esse
1863 885 1973 919 cum
2010 868 2136 920 Petri
2173 871 2402 922 cathedra

89 963 389 1024 societatem,
426 961 558 1028 quod
592 961 626 1011 I.
667 960 860 1012 aliunde
896 960 1000 1010 iura
1036 957 1306 1010 catholicae
1345 960 1701 1010 communionis
1734 961 2006 1025 exspectari
2040 974 2139 1011 non
2165 961 2398 1013 debeant:

93 1053 322 1119 quodque
367 1051 423 1103 ΙΙ.
479 1051 700 1103 eiusdem
755 1049 1141 1116 consequutione
1180 1050 1284 1116 ipsa
1338 1049 1606 1100 catholicae
1661 1052 2015 1102 communionis
2078 1054 2400 1119 consequutio

89 1143 363 1194 certissime
401 1141 858 1208 comprehendatur.
930 1140 1051 1191 Illud
1084 1140 1286 1192 totidem
1325 1140 1488 1192 verbis
1524 1140 1753 1192 tradit¹²⁷
1793 1141 2107 1208 Ambrosius,
2151 1158 2298 1209 quum
2338 1145 2399 1194 de

91 1248 294 1285 romana
331 1232 570 1298 ecclesia,
618 1248 764 1300 quam
798 1237 954 1284 totius
991 1229 1129 1282 orbis
1164 1237 1366 1282 romani
1401 1238 1557 1297 caput
1591 1231 1822 1299 appellat,
1873 1234 2047 1299 inquit:
2111 1234 2228 1285 inde
2267 1240 2400 1285 enim

89 1331 143 1375 in
181 1341 354 1375 omnes
392 1324 718 1375 venerandae
753 1328 1117 1374 communionis
1168 1329 1287 1374 iura
1330 1323 1608 1374 dimanant.
1682 1322 1846 1374 Tradit
1880 1323 2205 1392 Hieronymus
2228 1328 2298 1351 ¹²⁸
2340 1326 2401 1377 ad

88 1414 349 1467 Damasum
405 1413 654 1466 scribens:
715 1414 857 1482 „Ego
901 1413 1086 1465 nullum
1133 1415 1341 1480 primum
1387 1415 1481 1466 nisi
1518 1413 1759 1465 Christum
1807 1429 2052 1481 sequenS,
2112 1414 2401 1467 Beatitudini

88 1512 228 1570 tuae,
265 1506 395 1558 idest
432 1505 695 1557 cathedrae
731 1505 875 1571 Petri,
917 1509 1265 1556 communione
1302 1507 1577 1557 consocior.
1653 1504 1812 1571 Super
1849 1504 1977 1555 illam
2014 1511 2202 1572 petram
2237 1507 2401 1557 aedifi-

90 1603 247 1649 catam
286 1597 548 1649 ecclesiam
585 1597 704 1647 sci0.
777 1595 1083 1664 Quicumque
1120 1603 1276 1647 eoetra
1313 1596 1440 1647 hanc
1477 1596 1673 1648 domum
1709 1611 1889 1664 agnum
1933 1597 2228 1662 comederit,
2285 1615 2400 1662 pro-

81 1687 254 1756 fanus
290 1689 416 1740 est.“
472 1686 532 1738 Et
567 1701 685 1738 mox
714 1687 777 1738 de
815 1687 970 1739 tribus
1005 1702 1098 1755 pro
1134 1687 1424 1739 antiochena
1463 1688 1582 1740 sede
1621 1688 2025 1740 contendentibus
2063 1688 2217 1739 addit:
2258 1688 2402 1754 „Non

88 1782 204 1831 novi
228 1779 450 1845 Vitalem,
488 1779 735 1831 Meletium
770 1793 968 1846 respu0,
1006 1781 1184 1854 ignoro
1207 1779 1471 1830 Paulinum.
1534 1779 1839 1847 Quicumque
1872 1787 2036 1831 tecum
2070 1794 2170 1830 non
2197 1779 2398 1846 colligit,

93 1872 340 1940 sparqit.“
412 1870 577 1922 Tradit
609 1871 953 1922 alexandrinus
991 1870 1224 1938 Cyrillus,
1286 1871 1367 1937 qui
1403 1870 1480 1921 ,de
1529 1873 1871 1922 communione
1909 1886 2020 1921 cum
2055 1870 2286 1922 Nestorio
2321 1872 2401 1922 vel

93 1962 424 2014 exscindenda
458 1962 689 2013 radicitus
726 1962 806 2013 vel
841 1962 998 2013 adhuc
1030 1962 1316 2027 retinenda,
1353 1963 1417 2012 ita
1454 1961 1779 2013 Caelestinum
1817 1962 2076 2028 alloquitur
2096 1963 2196 2011 ¹²⁹:
2256 1962 2400 2028 „Non

84 2059 233 2119 prius
275 2059 438 2104 autem
475 2053 600 2104 illius
643 2055 1037 2105 communionem
1069 2053 1227 2121 palam
1271 2059 1539 2119 aperteque
1578 2053 1872 2118 deserimuS‚
1927 2069 2080 2117 quam
2125 2051 2252 2102 haec
2294 2054 2400 2118 ipsa

89 2146 253 2211 pietati
292 2151 403 2196 tuae
442 2144 782 2197 indicaremus.
831 2143 1092 2213 -Digneris
1139 2144 1347 2211 proinde
1393 2144 1507 2211 quid
1551 2145 1734 2196 sentias
1775 2143 2240 2218 praescr-ibere†³⁰,
2303 2161 2399 2212 quo

89 2235 270 2302 liquido
304 2235 447 2286 nobis
483 2242 675 2287 constet
711 2242 1085 2288 communicare
1118 2251 1183 2286 ne
1226 2250 1319 2287 nos
1366 2251 1476 2286 cum
1519 2235 1602 2287 illo
1653 2241 1905 2300 oporteat,
1966 2251 2027 2285 an
2074 2251 2196 2287 vero
2246 2237 2401 2289 libere

91 2325 251 2378 eidem
289 2326 600 2393 denuntiare,
662 2332 910 2379 neminem
944 2345 1060 2380 cum
1095 2345 1154 2378 eo
1187 2327 1610 2379 communicare-‘⁴
1683 2325 1845 2377 Tradit
1881 2325 2185 2390 HormisdaS,
2235 2330 2315 2394 qui
2352 2330 2400 2378 in

91 2417 296 2469 formula
319 2420 387 2445 ¹³¹
430 2418 490 2469 ab
525 2420 585 2470 iis
622 2419 998 2486 subscribenda,
1061 2420 1144 2486 qui
1185 2419 1246 2471 ad
1282 2421 1513 2470 unitatem
1553 2418 1840 2470 catholicam
1878 2434 1941 2469 ex
1976 2419 2207 2469 acaciano
2244 2418 2399 2470 schis-

90 2515 218 2560 mate
253 2509 500 2575 redirent,
538 2511 821 2578 iniungebat
857 2516 910 2562 ut
945 2512 1152 2577 quisque
1185 2510 1519 2578 profiteretur:
1577 2509 1954 2576 „sequestratos
1990 2525 2018 2560 a
2055 2512 2398 2562 communione

90 2600 332 2652 ecclesiae
369 2601 662 2668 catholicae,
722 2603 854 2654 idest
898 2617 998 2654 non
1044 2604 1409 2655 consentientes
1451 2602 1559 2654 sedi
1606 2601 1928 2668 apostolicae,
1985 2615 2154 2651 eorum
2204 2603 2399 2653 nomina

90 2692 216 2742 inter
256 2707 396 2743 sacra
430 2707 531 2744 non
565 2694 816 2745 recitanda
855 2708 969 2745 esse
1005 2695 1287 2761 mysteria.“

267 2783 513 2836 Posterius
552 2799 670 2836 vero
705 2791 847 2852 caput
888 2784 1162 2836 luculenter
1195 2786 1340 2836 docet
1364 2785 1667 2852 Augustinus
1691 2784 1781 2849 ¹³²,
1820 2796 1966 2848 quum
2004 2783 2065 2834 de
2104 2783 2398 2849 Caeciliano,

93 2875 172 2925 cui
221 2876 449 2926 universa
498 2874 846 2926 donatistarum
894 2875 1038 2928 factio
1092 2876 1465 2941 adversabatur,
1528 2874 1766 2926 affirmat:
1817 2872 2069 2940 „Potuisse
2121 2874 2252 2924 illum
2300 2889 2399 2925 non

91 2981 263 3016 curare
293 2966 642 3017 multitudinem
676 2968 1058 3033 conspirantium
1095 2974 1263 3019 contra
1296 2982 1352 3018 se
1378 2967 1653 3031 antistitum,
1692 2980 1837 3032 quum
1864 2980 1921 3015 se
1945 2964 2134 3016 videret
2156 2982 2400 3016 romanae

91 3056 347 3123 ecclesiae,
392 3058 442 3108 in
477 3073 573 3124 qua
609 3073 808 3125 semper
842 3058 1137 3126 apostolicae
1175 3057 1436 3109 cathedrae
1475 3058 1627 3124 viguit
1662 3057 1958 3124 principatus
1983 3095 1995 3106 .
2023 3096 2033 3107 .
2063 3095 2107 3119 .‚
2141 3073 2234 3121 per
2269 3074 2398 3107 com-

90 3153 456 3200 municatorias
491 3147 692 3200 litteras
729 3166 844 3199 esse
882 3153 1261 3201 coniunctum.“
1333 3147 1490 3199 Docet
1523 3147 1763 3199 Maximus
1799 3147 1912 3198 dum
1936 3149 2005 3173 ¹³³
2045 3146 2276 3214 Pyrrhum
2316 3147 2394 3198 ad-

92 3237 337 3290 hortatur:
376 3239 470 3306 „Ut
505 3240 703 3311 festinet
737 3256 855 3307 prae
903 3240 1127 3291 omnihus
1165 3241 1271 3291 sedi
1304 3254 1539 3290 romanae
1577 3238 1877 3290 satisfacere.
1951 3238 2051 3288 Hac
2089 3238 2218 3288 enim
2256 3239 2396 3288 satis-

90 3327 214 3379 facta
252 3328 461 3382 futurum
489 3337 542 3382 ut
579 3347 693 3382 eum
728 3331 910 3399 ubique
948 3346 1123 3383 omnes
1160 3332 1304 3397 pium,
1341 3329 1762 3397 orthodoxumque
1799 3329 2189 3396 praedicarent.“
2244 3327 2399 3379 Docet

202 3524 300 3586 1ἳὸ)
336 3525 479 3586 Epist.
516 3527 574 3573 ad
608 3528 887 3589 Principiam.
1288 3527 1375 3572 sini
1412 3526 1639 3587 testantur,
1677 3539 1725 3572 se
1749 3527 1803 3572 ad
1827 3526 2119 3572 damnandum
2144 3526 2395 3571 Nestorium

202 3626 300 3688 197)
353 3627 495 3688 Epist.
548 3631 604 3676 ad
657 3631 911 3679 Gratianum
967 3630 1206 3689 imperato-
1290 3615 1535 3660 accessisse
1559 3614 1797 3660 Caelestini
1822 3614 1981 3660 litteris
2016 3616 2277 3660 necessario
2305 3616 2398 3661 im-

95 3728 211 3776 rem,
246 3729 290 3760 n.
327 3715 373 3760 4.
1284 3702 1458 3762 pulsos.

200 3815 300 3877 ¹²⁸)
335 3816 476 3877 Epist.
503 3816 600 3864 XV.
632 3833 677 3864 n.
703 3819 749 3865 2.
1399 3817 1500 3879 ¹³¹)
1543 3817 1607 3863 cf.
1643 3817 1840 3863 eiusdem
1884 3818 2116 3877 epistolam
2154 3818 2209 3863 ad
2245 3831 2398 3864 omnes

201 3916 300 3978 ¹²⁹)
334 3917 468 3978 Apud
501 3919 674 3983 Lahhe,
710 3921 759 3967 T.
784 3921 859 3967 111.
894 3934 999 3981 pag.
1024 3921 1138 3967 890.
1290 3907 1532 3967 Hispaniae
1566 3905 1821 3966 episcopos·

203 4017 301 4079 ¹³⁰)
339 4019 470 4075 Quod
504 4023 709 4083 profecto
755 4023 932 4070 nonnisi
979 4023 1075 4068 eius
1121 4027 1206 4079 est,
1400 4008 1501 4069 ¹³²)
1535 4008 1676 4067 Epist·
1700 4006 1848 4052 XLIII·
1884 4021 1927 4051 n.
1955 4006 1998 4051 7.

100 4106 173 4165 qui
211 4109 476 4155 auctoritate
510 4111 688 4171 polleat.
750 4112 875 4158 Unde
899 4116 1047 4172 patres
1073 4111 1207 4172 ephe·
1402 4110 1499 4171 ¹³³)
1536 4110 1674 4169 Epist.
1711 4109 1764 4155 ad
1802 4109 1973 4154 Petrum
2011 4109 2239 4186 illustrem,

1905 4197 2046 4259 34*
