2574 4276
1038 199 1279 255 CAPUT
1348 201 1448 256 Vl.
1695 283 1699 286 Π
2321 201 2392 251 ’77

86 343 371 394 destinatum
418 340 576 408 potius
625 356 683 391 ac
725 339 1041 407 praefinitum.
1117 341 1345 408 Sequitur
1385 342 1541 392 Lucas
1566 340 1633 405 ³⁶,
1685 343 1734 389 et
1777 336 2017 389 Christum
2053 337 2258 404 inducit,
2309 340 2390 405 qui

83 431 278 482 modum
316 432 613 483 contentioni
648 432 724 483 his
764 432 924 483 verbis
964 433 1194 498 imponit:
1268 430 1329 484 Οἱ
1362 430 1593 500 βασιλεῖς
1629 430 1733 481 τῶν
1768 428 1952 480 ἐθνῶν
1989 426 2315 496 κυριεύουσιν
2338 431 2382 456 ³⁷

81 519 255 573 αὐτῶν
275 538 286 549 ·
347 522 435 573 καὶ
483 523 530 573 οἱ
580 521 964 586 ἐξουσιάζοντες
1015 520 1218 586 αὐτῶν,
1276 520 1539 590 εὐεργέται
1591 520 1905 574 καλοῦνται.
1963 515 2115 585 ὑμεῖς
2172 517 2231 570 δὲ
2285 517 2390 582 οὐχ

84 610 280 671 οὕτως·
327 609 444 663 ἀλλ’
491 615 518 665 o'
566 613 760 682 μείζων
803 618 859 665 ἐν
893 611 1042 680 ὑμῖν,
1089 612 1330 680 γενέσθω
1379 611 1455 674 οἱς
1491 615 1520 664 ό
1555 611 1840 681 νεώτερος·
1891 612 1980 663 καὶ
2015 612 2042 662 o‘
2078 608 2386 678 ἡγούμενος,

83 700 156 763 οἷς
193 702 221 752 ὁ
260 701 548 755 διακονῶν.
586 704 662 764 τίς
698 702 803 770 γαρ
839 702 1063 771 μείζων,
1102 705 1131 753 ὁ
1167 701 1535 769 ἀνακείμενος,
1571 697 1604 766 ἢ
1641 705 1670 754 ὁ
1710 702 2000 766 διακονῶν;
2037 700 2161 765 οὐχὶ
2197 702 2226 752 ὁ
2263 699 2390 753 ἀνα-

86 794 349 860 κείμενος;
397 790 501 861 ἐγώ
552 794 613 846 δέ
642 799 746 862 εἰμι
781 798 837 847 ἐν
870 800 1010 861 με’σῳ
1045 791 1197 859 ὑμῶν
1245 789 1320 853 οἱς
1354 793 1382 843 ὁ
1420 792 1715 845 διακονῶν.
1767 791 1912 861 ὑμεῖς
1949 791 2014 844 δέ
2039 796 2152 844 ἐστε
2195 792 2242 842 οἱ
2279 790 2390 844 διοι-

84 886 423 952 μεμενηκότες
451 886 564 953 μετ’
598 886 728 952 ἐμοῦ
761 889 816 937 ἐν
838 886 948 944 τοῖς
981 883 1294 950 πειρασμοῖς
1321 901 1454 949 μου.
1493 882 1644 950 κάγώ
1669 882 1976 950 διατίθεμαι
2011 882 2153 951 ὑμῖν,
2191 880 2387 944 καθώς

84 975 291 1029 διέθετό
326 995 416 1043 μοι
451 978 480 1028 ὁ
517 973 684 1040 πατήρ
720 992 826 1042 μου
859 972 1154 1040 βασιλείαν,
1193 971 1279 1024 ἵνα
1313 972 1526 1035 ἐσθίητε
1561 975 1650 1026 καὶ
1685 974 1856 1037 πίνητε
1891 975 1975 1026 ἐπὶ
2009 974 2095 1037 τῆς
2130 973 2387 1041 τραπέζης

82 1085 187 1128 μου
220 1071 276 1119 ἐν
320 1070 378 1135 τῇ
413 1065 649 1134 βασιλεία
683 1082 814 1132 μου·
854 1065 940 1116 καὶ
977 1061 1290 1127 καθίσησθε
1324 1064 1407 1115 ἐπὶ
1444 1062 1694 1131 θρόνων,
1743 1065 2005 1133 κρίνοντες
2045 1060 2138 1127 τοὶς
2175 1063 2388 1117 δώδεκα

81 1136 257 1227 φυλας
291 1159 388 1208 τοῦ
420 1155 641 1222 Ἰσραήλ.

258 1254 338 1299 65.
410 1247 625 1307 Quatuor
673 1253 834 1298 autem
879 1253 1013 1314 sunt,
1070 1262 1197 1314 quae
1241 1247 1291 1297 in
1342 1245 1436 1297 hac
1475 1247 1651 1299 Christi
1699 1249 1922 1299 oratione
1970 1247 2233 1314 spectanda
2267 1261 2386 1314 prae

82 1339 259 1390 ceteris
306 1339 546 1398 videntur.
616 1338 650 1388 Ι.
693 1338 829 1398 Quae
864 1339 1056 1390 silentio
1097 1343 1406 1406 premantur,
1455 1340 1547 1394 etsi
1583 1338 1714 1390 dictu
1749 1339 2155 1406 opportunissima
2194 1339 2389 1389 censeri

78 1436 307 1496 possent:
366 1430 422 1480 II.
461 1446 587 1497 quae
624 1429 948 1496 affirmentur,
1010 1431 1086 1481 sin
1129 1430 1288 1480 minus
1337 1428 1538 1480 totidem
1589 1430 1782 1497 verbis,
1830 1445 1930 1482 non
1978 1429 2187 1481 obscura
2223 1435 2387 1481 tamen

82 1521 318 1572 dictorum
369 1522 782 1588 consequutione:
839 1521 916 1572 III.
957 1536 1082 1587 quae
1126 1520 1188 1572 ad
1234 1520 1602 1572 illustrationem
1638 1522 1924 1573 adhiheatur
1968 1504 2289 1588 comparatio:
2340 1528 2388 1573 et

77 1613 154 1663 IV.
194 1629 434 1680 quaenam
468 1614 586 1679 sint,
626 1629 751 1680 quae
790 1613 1005 1664 Christus
1037 1612 1232 1663 damnat
1268 1618 1413 1679 atque
1449 1613 1620 1664 reiicit.

259 1704 560 1772 Quamquam
595 1720 719 1772 ergo
755 1704 912 1756 semel
944 1705 1217 1771 iterumque
1238 1706 1286 1731 ³⁸
1327 1704 1534 1771 apostoli
1578 1705 1640 1756 de
1673 1706 1880 1772 primatu
1916 1711 1965 1756 et
2009 1705 2308 1772 quaesierint
2339 1711 2388 1756 et

183 1839 258 1901 36)
292 1839 394 1885 Luc.
430 1840 566 1886 XXII.
602 1838 828 1886 25-31,

184 1928 258 1989 37)
302 1928 385 1973 Pro
428 1928 579 1985 verbis
622 1920 810 1991 κυριεύω
852 1933 898 1974 et
939 1919 1187 1984 ἐξουσιάζει)

79 2016 124 2060 in
160 2016 339 2073 gemino
371 2015 581 2061 Matthaei
616 2015 716 2061 loco
754 2029 848 2075 cap.
874 2015 969 2061 XX.
994 2015 1073 2061 25.
1110 2028 1187 2060 oc-

80 2109 255 2149 currunt
284 2104 420 2149 verba
444 2095 752 2166 κατακυριεύω
775 2109 818 2150 et
837 2096 1186 2160 κατεξουσιάζω.

80 2191 350 2250 Quamquam
395 2204 504 2238 vero
551 2193 820 2238 contendere
854 2193 1017 2251 nolim,
1063 2206 1188 2237 num-

81 2292 208 2336 quam
242 2272 363 2325 κατοέ
399 2280 444 2327 in
480 2281 803 2340 compositione
837 2281 1097 2340 redundare,
1134 2294 1185 2326 ac

81 2371 317 2424 propterea
349 2381 582 2426 numquam
615 2368 765 2414 verbis
800 2361 1111 2431 κατακυριεύω
1141 2374 1187 2414 et

80 2448 412 2510 κατεξουσιάζω
446 2455 645 2517 eamdem
687 2455 872 2501 subesse
914 2461 1185 2516 potestatem

81 2554 134 2585 ac
175 2542 447 2601 simplicibus
490 2535 677 2605 κυριεύω
720 2548 765 2590 et
803 2536 1075 2600 ἐξουσιάζωῑ
1121 2544 1188 2589 ni-

79 2629 314 2675 hilominus
353 2644 377 2675 e
411 2644 459 2675 re
493 2631 626 2676 fuerit
662 2631 924 2692 adnotasse,
964 2631 1013 2693 a)
1048 2633 1187 2677 usita-

81 2719 173 2763 tius
203 2718 246 2762 in
282 2718 547 2764 deteriorem
590 2725 758 2778 partem
802 2725 1030 2780 utrumque
1066 2733 1187 2767 com-

78 2806 269 2864 positum
305 2807 487 2852 verbum
524 2808 689 2868 accipi,
734 2809 877 2868 iisque
911 2809 1184 2855 dominatum

78 2894 319 2951 significari
373 2908 471 2940 cum
528 2895 669 2957 fastu,
725 2897 1022 2956 iactantiaque
1077 2910 1184 2942 con-

81 2980 294 3027 iunctum:
346 2982 399 3042 b)
441 2984 721 3029 usitatiorem
771 2991 1040 3043 potestatem
1095 2998 1184 3031 non

78 3068 218 3113 solum
253 3083 276 3114 a
311 3073 557 3129 praesentis
594 3073 813 3117 orationis
849 3078 1061 3119 contextu
1094 3085 1183 3118 non

80 3155 340 3218 abhorrere,
390 3159 471 3204 sed
516 3172 614 3204 cum
660 3172 715 3206 eo
759 3162 909 3219 potius
956 3161 1183 3220 praeclare

78 3245 351 3290 consentire:
397 3254 665 3307 quapropter
706 3248 753 3310 c)
789 3242 1101 3311 κατακυριεύω
1137 3254 1183 3294 et

75 3324 405 3389 κατεξουσιάζω
431 3336 532 3380 heic
558 3338 775 3398 usurpari,
811 3338 1180 3396 quemadmodum

74 3418 107 3463 Ι.
129 3420 242 3465 Petr.
265 3421 321 3466 V.
346 3421 400 3468 3:
435 3421 559 3484 Μηδ’
583 3417 648 3479 ὥς
669 3419 1064 3489 κατακυριεύοντες
1087 3421 1181 3472 τῶν

74 3499 266 3570 κλήρων.

176 3595 249 3657 ³⁸)
286 3596 432 3642 Video
466 3597 613 3645 inferri
649 3601 811 3646 exinde
845 3614 1002 3662 posse,
1039 3602 1177 3648 verba

73 3682 234 3728 Christi
268 3684 321 3728 de
346 3684 490 3746 Petr0,
525 3701 662 3747 eaque
696 3690 831 3734 etiam
867 3704 978 3749 quae
1011 3691 1178 3736 haben-

73 3774 143 3815 tur
170 3771 320 3815 Matth.
341 3771 456 3817 XVI.
481 3771 686 3822 18-20,
713 3790 800 3822 non
833 3778 1050 3824 eiusmodi
1078 3780 1176 3825 visa

74 3871 172 3903 esse
209 3860 442 3920 apostolis,
480 3874 590 3918 quae
605 3861 777 3908 Petrum
815 3865 871 3910 ad
905 3866 1174 3924 singularem

1085 3955 1175 4000 Sed

74 4031 125 4093 1)
161 4036 492 4092 evangeliorum
526 4036 716 4083 lectione
750 4046 950 4102 constat,
991 4056 1046 4087 ne
1082 4043 1172 4087 cla-

72 3946 358 4007 προστασίαν
401 3948 666 3995 destinatum
709 3953 1008 3999 ostenderent.

1270 1843 1450 1900 saepius
1496 1841 1636 1887 fuisse
1678 1842 1915 1887 intellecta.
1993 1840 2238 1886 Evidenter
2279 1854 2387 1887 sane

1269 1928 1371 1975 Luc.
1401 1930 1559 1976 XVIII.
1594 1929 1824 1975 31—34.
1869 1943 1994 1974 suam
2035 1930 2088 1974 iis
2129 1930 2385 1988 passionem

1271 2005 1471 2063 Christu's
1517 2019 1938 2079 praenunciaverat,
1984 2022 2029 2062 et
2073 2017 2382 2078 nihilominuS,

1271 2107 1547 2165 evangelista
1583 2111 1718 2167 teste,
1754 2120 1799 2151 v.
1830 2105 1914 2167 34,
1953 2097 2085 2151 αὐτοὶ
2119 2097 2248 2151 οὐδὲν
2281 2097 2384 2151 τού-
2461 2106 2465 2117 ¹

1269 2208 1360 2239 των
1403 2189 1616 2254 συνῆκαν.
1696 2193 1826 2249 Quod
1881 2206 1992 2251 ergo
2049 2194 2242 2253 apostoli
2297 2207 2384 2238 non

1269 2274 1490 2328 senserint
1541 2295 1629 2342 quo
1683 2282 1848 2328 Christi
1899 2281 2036 2328 verba
2091 2283 2383 2343 pertinerent,

1270 2374 1574 2428 argumentum
1599 2370 1699 2416 es'se
1722 2383 1810 2416 non
1839 2375 2004 2431 potest,
2041 2370 2160 2429 quod
2195 2370 2384 2415 obscura

1269 2457 1344 2502 illa
1377 2456 1539 2503 fuerint
1563 2471 1615 2503 ac
1638 2459 1863 2519 perplexa.
1933 2459 2164 2504 Praeterea
2200 2458 2254 2519 2)
2280 2458 2385 2503 nihil

1267 2546 1533 2607 procliviuS,
1578 2560 1707 2605 quam
1742 2548 1788 2591 in
1824 2548 2077 2607 oppositam
2112 2552 2283 2606 partem
2318 2551 2385 2591 te-

1268 2632 1355 2679 lum
1402 2634 1647 2679 reflectere.
1726 2634 1873 2680 Video
1921 2635 2037 2680 enim
2074 2634 2119 2679 in
2153 2634 2198 2679 id
2231 2639 2383 2693 prote-

1268 2725 1435 2766 stantes
1471 2721 1747 2783 incumbere,
1791 2727 1838 2768 ut
1870 2722 2209 2782 persuaderent,
2257 2722 2383 2766 Chri-

1268 2814 1384 2855 stum
1419 2809 1570 2855 Matth.
1603 2809 1760 2855 xvlu.
1797 2809 1965 2871 1-5‚
2010 2799 2106 2856 xx.
2139 2810 2380 2871 20—28,

1268 2898 1398 2942 Marc.
1419 2897 1494 2942 IX.
1514 2898 1726 2958 33—37,
1761 2898 1817 2943 X.
1834 2898 2045 2958 35—-45,
2082 2898 2183 2944 Luc.
2205 2898 2280 2943 IX.
2300 2898 2380 2959 46,

1266 2984 1636 3031 XX11.24—-31.
1672 2985 1824 3030 verbis
1857 2987 2039 3032 omnino
2076 2987 2382 3033 disertissimis

1267 3074 1579 3135 confirmasse,
1628 3075 1849 3120 neminem
1896 3076 1941 3120 in
1985 3076 2176 3122 ecclesia
2220 3077 2383 3122 extitu-

1265 3175 1358 3206 rum
1373 3195 1386 3222 ,
1423 3163 1497 3220 qui
1519 3162 1701 3220 reliquis
1726 3163 1932 3209 omnibus
1957 3159 2237 3210 auctoritate
2253 3178 2383 3223 prae-

1266 3254 1399 3294 esset.
1460 3249 1523 3294 At
1555 3250 1595 3295 si
1631 3252 1936 3310 apostolorum
1972 3253 2264 3311 intelligentia
2300 3266 2380 3297 ceu

1263 3350 1422 3382 normav
1441 3338 1658 3384 habeatur
1679 3341 2038 3403 perspicuitatis,
2077 3355 2190 3400 quae
2215 3340 2379 3385 Christi

1262 3426 1411 3472 verbis
1446 3427 1638 3489 inesset,
1676 3442 1728 3472 ea
1759 3428 1896 3474 fuisse
1931 3429 2249 3474 obscurissima
2286 3430 2381 3474 exi-

1262 3515 1434 3560 stimari
1481 3521 1735 3576 oporteret,
1785 3531 1915 3576 quum
1950 3517 2014 3562 illi
2057 3514 2195 3561 semel
2244 3521 2376 3575 atque

1261 3616 1433 3648 rursum
1469 3603 1525 3649 de
1560 3606 1882 3663 praerogativa
1919 3604 2151 3662 dignitatis
2197 3610 2379 3650 conten—

1261 3689 1419 3736 derint.
1506 3690 1709 3737 Ceterum
1762 3691 1817 3752 3)
1871 3691 1942 3736 sin
1989 3691 2130 3736 minus
2180 3707 2205 3738 e
2248 3693 2378 3738 nudis

1259 3779 1436 3840 verbis,
1484 3794 1542 3826 ex
1577 3780 1736 3825 iisdem
1772 3779 1929 3824 saltem
1959 3780 2073 3825 'cum
2121 3780 2251 3826 factis
2300 3793 2378 3825 co-

1258 3866 1543 3913 haerentibus
1586 3867 1891 3926 praesensisse
1936 3868 2193 3929 apostolos,
2244 3882 2373 3913 unum

1259 3956 1463 4015 aliquem,
1501 3968 1686 4015 eumque
1711 3955 1936 4002 Simonem
1959 3956 2132 4002 Petrum
2166 3957 2373 4001 omnibus

1257 4043 1491 4104 anteferri,
1524 4043 1579 4088 iis
1615 4043 1876 4105 ostenditur,
1913 4057 2026 4103 quae
2052 4044 2267 4090 hactenus
2291 4058 2369 4090 ex-

70 4120 242 4168 rissima
297 4123 472 4183 quidem
518 4129 563 4171 et
609 4126 940 4175 evidentissima
986 4130 1040 4176 ab
1086 4131 1171 4178 illis
1254 4132 1509 4193 posuimus·-
