2574 4276
1034 112 1275 168 CAPUT
1345 115 1411 166 Π.
2249 117 2274 163 1
2285 117 2309 163 l

62 262 284 308 constare
330 271 393 307 ne
439 255 529 308 sibi
573 256 663 306 ista
708 254 916 321 possint,
965 257 1161 322 vigere,
1217 256 1485 322 inditasque
1533 268 1765 306 exserere
1814 254 1943 305 vires
1968 294 1981 321 ,
2044 254 2085 305 si
2125 268 2250 320 quae
2286 268 2315 304 e
2405 251 2407 253 ’

58 348 215 398 bibliis
251 347 616 413 depromuntur,
662 352 709 397 et
744 346 804 397 ad
839 361 1032 397 omnem
1067 361 1219 414 prope
1254 348 1479 414 paginam
1514 346 1787 411 laudantur,
1836 344 1897 395 ad
1925 359 2031 399 rem
2067 358 2165 394 non
2198 342 2315 394 faci-

59 446 151 505 ant,
191 438 268 489 vel
302 438 444 488 etiam
479 438 568 502 ipsi
601 438 689 502 rei,
729 437 856 503 quod
890 444 1210 504 protestantes
1247 439 1562 505 contendunt,
1597 437 1704 504 plus
1739 437 1958 486 minusve
1992 434 2314 502 refragentur.

57 530 154 581 Aut
189 542 364 580 caecus
398 527 540 593 plane
577 543 708 593 sum,
757 533 804 578 et
838 530 887 578 in
922 530 999 579 via
1035 530 1148 581 lieet
1183 530 1403 596 expedita
1439 531 1637 596 turpiter
1672 526 1890 579 offendo:
1930 533 2009 578 aut
2037 525 2317 593 suffragium

61 619 344 671 Traditionis
380 633 478 669 non
513 619 684 669 leviter
718 620 1023 686 periclitatur,
1061 622 1100 672 si
1140 635 1264 686 quae
1299 620 1516 671 doctrina
1553 634 1614 671 eo
1651 620 1904 684 asseritur,
1943 618 2106 672 dissita
2142 617 2201 668 ab
2237 604 2317 668 illa

56 713 129 777 sit,
162 711 297 761 illive
332 710 564 776 opposita,
605 725 745 775 quam
780 709 1034 760 bibliorum
1069 690 1357 761 testimonia¹
1384 710 1610 760 exhibent
1646 726 1703 761 ac
1737 715 2115 776 repraesentant.
2190 707 2316 761 Sane

59 802 199 852 audio
244 816 471 868 magnum
515 800 730 850 Leonem
763 801 805 825 ¹·⁴
853 799 928 850 his
980 799 1142 850 verbis
1205 799 1266 850 de
1313 799 1440 850 Petri
1490 801 1796 866 auctoritate,
1861 801 2146 866 eximiisque
2197 800 2318 850 doti-

53 894 142 944 bus
190 893 502 944 disertissime
542 895 876 955 perorantem:
926 889 1107 955 „Huius
1155 891 1368 941 muneris
1401 892 1444 917 ¹⁵
1492 896 1844 940 sacramentum
1893 892 1956 942 ita
1991 891 2221 943 Dominus
2257 891 2318 942 ad

58 984 269 1034 omnium
308 980 630 1049 apostolorum
668 977 875 1029 officium
911 980 1155 1046 pertinere
1192 980 1353 1046 voluit,
1389 982 1513 1031 utin
1532 981 1808 1032 beatissimo
1829 981 1970 1033 Petro
1994 983 2319 1049 apostolorum

56 1076 265 1125 omnium
303 1085 491 1124 summo
525 1069 848 1136 principaliter
874 1071 915 1097 ¹⁶
957 1070 1220 1137 collocarit,
1257 1077 1306 1122 et
1342 1071 1401 1122 ab
1437 1072 1557 1138 ips0,
1596 1073 1732 1138 quasi
1759 1072 1967 1137 quodam
1986 1075 2154 1140 capite,
2193 1075 2318 1126 dona

53 1180 139 1216 sua
174 1164 289 1214 velit
323 1164 372 1213 in
408 1175 582 1227 corpus
618 1175 762 1211 omne
797 1176 1023 1225 manare,
1059 1167 1113 1211 ut
1149 1167 1393 1212 exsortem
1431 1177 1486 1213 se
1523 1164 1738 1231 mysterii
1771 1162 2065 1230 intelligeret
2102 1179 2213 1216 esse
2248 1166 2317 1217 di-

53 1256 164 1321 vini,
204 1255 284 1319 qui
320 1267 462 1303 ausus
499 1252 670 1316 suisset
704 1267 732 1302 a
766 1251 893 1302 Petri
929 1251 1166 1302 soliditate
1201 1253 1454 1304 recedere.
1526 1255 1664 1305 Hunc
1699 1255 1828 1304 enim
1856 1257 1897 1281 ¹⁷
1938 1255 1988 1305 in
2025 1259 2317 1307 consortium

53 1345 323 1396 individuae
359 1344 548 1394 unitatis
585 1349 903 1410 assumptum,
931 1342 1001 1392 .id
1050 1343 1179 1409 quod
1226 1345 1330 1411 ipse
1364 1352 1496 1411 erat,
1545 1346 1694 1397 voluit
1730 1346 1968 1396 nominari
2004 1346 2209 1397 dicendo
2240 1350 2314 1396 ¹⁸:

60 1435 141 1487 Tu
174 1455 229 1487 es
266 1433 477 1495 Petrus,
514 1440 563 1484 et
596 1451 752 1498 super
782 1431 913 1484 hanc
950 1439 1152 1498 petram
1195 1434 1474 1502 aedeficabo
1508 1436 1774 1488 ecclesiam
1808 1454 1968 1488 meam
1988 1458 2002 1485 :
2047 1443 2099 1487 ut
2133 1438 2318 1487 aeterni

54 1528 215 1596 templi
266 1524 531 1577 aedificatio
587 1524 790 1575 mirabili
835 1539 1035 1574 munere
1085 1527 1268 1591 gratiae
1304 1526 1393 1578 Dei
1437 1529 1486 1578 in
1522 1529 1647 1579 Petri
1694 1528 1931 1579 soliditate
1980 1527 2318 1579 consisteret.“

53 1620 150 1674 Sed
185 1619 265 1685 qui
299 1631 494 1684 possem
529 1615 641 1667 huic
676 1616 922 1667 doctrinae
960 1630 1212 1667 assensum
1248 1618 1528 1686 adiungere,
1566 1621 1607 1671 si
1637 1635 1761 1686 quae
1781 1599 1953 1670 Christi
1971 1620 2316 1686 promissiones

53 1728 81 1762 a
114 1708 354 1760 Matthaeo
401 1708 700 1774 referuntur,
755 1708 897 1759 alium
934 1713 983 1758 et
1016 1707 1075 1757 ab
1113 1723 1173 1759 eo
1211 1709 1453 1762 diversum
1491 1711 1748 1763 funderent
1782 1726 2011 1776 sensum,
2060 1725 2203 1776 quam
2239 1709 2318 1760 ille

54 1803 127 1866 sit,
169 1815 313 1866 quem
349 1798 449 1850 Leo
486 1800 721 1866 exprimit,
760 1805 808 1849 et
844 1799 920 1848 cui
943 1798 1119 1849 Leonis
1156 1803 1392 1852 sententia
1425 1798 1567 1853 unice
1604 1801 1867 1854 incumbit?
1905 1817 2029 1870 quae
2065 1807 2224 1852 autem
2260 1800 2320 1851 de

51 1892 220 1941 Leone
254 1903 456 1955 moneO,
507 1886 569 1937 ad
604 1900 714 1935 eum
751 1885 822 1936 Sic
858 1896 1100 1956 spectant,
1148 1898 1198 1942 ut
1234 1893 1294 1943 ad
1331 1900 1553 1946 caeteros
1588 1895 1703 1945 item
1739 1909 1909 1946 omnes
1946 1899 2167 1960 spectare
2205 1908 2318 1942 cen-

52 1982 204 2034 senda
239 1983 346 2034 sint.
399 1979 623 2047 Spectant
651 1979 711 2030 ad
730 1981 1072 2032 Tertullianum
1102 1983 1162 2049 ¹⁹,
1201 1983 1466 2051 Origenem
1490 1988 1556 2052 ²⁰,
1594 1986 1879 2054 Cyprianum
1904 1987 1969 2051 2¹,
2007 1984 2226 2051 Optatum
2252 1985 2317 2049 ²²,

53 2075 308 2126 Pacianum
331 2074 397 2137 ²³,
445 2069 754 2122 Ambrosium
783 2074 847 2138 ²⁴,
893 2072 1239 2142 Hieronymum
1261 2078 1334 2126 ²⁵:
1385 2091 1444 2127 ac
1478 2091 1575 2127 uno
1610 2077 1788 2144 verb0,
1836 2077 1897 2128 ad
1932 2090 2102 2128 omnes
2127 2077 2171 2102 ²⁶
2212 2090 2321 2142 spe-

157 2267 228 2327 ¹⁴)
263 2266 402 2326 Epist.
436 2266 491 2312 X.
528 2266 582 2310 al.
616 2266 846 2314 LXXXIX.
882 2282 977 2328 cap.
1007 2269 1041 2313 I.

157 2356 228 2416 ¹⁵)
260 2356 325 2402 De
357 2368 532 2399 munere
565 2355 765 2416 loquitur,
802 2357 918 2413 quod
948 2357 992 2402 in
1010 2371 1144 2403 evan-

55 2443 173 2501 gelio
215 2443 532 2503 praedicando,
576 2442 922 2503 exstruendaque
956 2445 1143 2491 ecclesia

53 2531 328 2590 impenditur.

161 2617 231 2678 ¹⁶)
281 2618 450 2677 Duplici
513 2618 836 2676 significatione
907 2621 1144 2666 auctoritas

56 2706 347 2766 extruendae,
401 2693 708 2765 regendasque
763 2707 978 2758 ecclesiae
1018 2709 1147 2755 Petro

49 2794 373 2856 principaliter
432 2794 592 2839 tributa
647 2794 830 2839 dicitur:
887 2801 975 2841 tum
1031 2798 1147 2856 quod

51 2885 146 2942 ipse
189 2884 366 2944 primus
408 2882 719 2941 plenitudinem
763 2882 877 2928 illius
911 2887 1144 2943 potestatis

55 2972 294 3030 acceperit:
329 2977 418 3016 tum
453 2970 568 3029 quod
603 2972 697 3029 ipse
730 2984 845 3017 unus
877 2971 994 3018 illam
1020 2987 1145 3018 acce-

53 3059 168 3118 perit
189 3059 564 3119 independentem,
601 3041 645 3104 et
675 3065 878 3118 tanquam
902 3066 1145 3116 ceterorum

53 3151 183 3204 caput
216 3159 267 3190 ac
299 3152 458 3192 rector.
527 3146 591 3191 Cf.
626 3145 907 3209 Bolgen’ium,
962 3146 1008 3193 L'
1042 3149 1146 3208 Epi-

55 3238 258 3294 scopato,
303 3247 399 3293 cap.
434 3233 468 3278 I.
515 3248 585 3279 nn.
622 3234 831 3296 4—19,
873 3242 918 3282 et
961 3250 1057 3296 cap.
1092 3237 1144 3282 Π.

51 3334 122 3364 nn.
162 3318 234 3364 14.
269 3333 388 3380 seqq.
516 3375 518 3379 ,

158 3407 229 3467 ¹⁷)
261 3407 474 3455 Particula
522 3411 666 3468 enim,
715 3423 799 3469 qua
848 3409 936 3455 Leo
985 3413 1140 3473 utitur,

53 3500 202 3554 aperte
259 3496 470 3558 ostendit,
530 3499 807 3559 propositum
866 3499 928 3544 illi
981 3500 1140 3560 fuisse,

53 3597 162 3642 quae
210 3582 264 3627 de
309 3583 422 3629 Petri
462 3588 787 3645 praerogativis
831 3588 1140 3649 affirmaverat,

53 3671 213 3716 Christi
258 3671 406 3716 verbis
448 3679 494 3719 et
524 3678 787 3722 auctoritate
823 3676 1140 3722 demonstrare.

53 3758 143 3804 Sed
177 3773 472 3819 quaecumque
504 3762 664 3824 subdit,
699 3765 817 3810 lusus
851 3765 1016 3826 forent,
1051 3778 1138 3811 non

54 3845 385 3908 demonstratio,
422 3849 461 3893 si
497 3849 656 3897 Christi
691 3853 827 3898 verba
862 3868 958 3900 eum
988 3854 1138 3900 funde-

51 3939 147 3978 rent
177 3947 366 3998 sensum,
401 3938 472 3996 qui
507 3937 564 3984 ad
594 3939 709 3988 Petri
743 3942 872 3990 dotes
894 3946 1136 3993 nullatenus

47 4020 314 4076 referretur.

1331 2274 1401 2336 ¹⁸)
1420 2275 1569 2320 matth.
1603 2271 1721 2318 xvi.
1758 2271 1834 2318 18.

1332 2375 1400 2437 ¹⁹)
1417 2376 1482 2422 ne
1497 2376 1774 2436 Praescriptt.
1794 2389 1919 2435 capp.
1932 2373 2316 2435 XXII—XXXVI,

1226 2465 1280 2510 de
1317 2465 1499 2510 Pudicit.
1534 2478 1630 2525 cap.
1663 2464 1779 2512 XXI.

1328 2569 1401 2629 ²⁰)
1435 2568 1483 2613 In
1516 2567 1666 2614 Matth.
1704 2566 1827 2612 Tom.
1856 2564 1950 2611 XII.
1983 2579 2025 2609 n.
2060 2564 2156 2610 XV.
2193 2563 2315 2609 Tom.

1229 2657 1421 2703 XIV..n.
1455 2657 1611 2717 XXXI,
1648 2661 1692 2700 et
1726 2656 1771 2700 in
1802 2654 2001 2713 Exposit.
2037 2653 2105 2697 Ps.
2132 2653 2165 2698 I.
2204 2653 2317 2711 apud

1229 2745 1465 2790 Eusebium
1500 2745 1551 2790 H.
1585 2744 1637 2789 E.
1671 2744 1747 2789 lib.
1782 2745 1857 2789 VI.
1892 2757 1986 2803 cap.
2020 2742 2157 2790 XXV.

1332 2848 1350 2871 ²
1365 2847 1405 2909 ¹)
1440 2847 1598 2906 Epistt.
1631 2847 1835 2894 XXXVII
1855 2873 1917 2880 --
1939 2847 2012 2893 LV
2028 2872 2090 2880 —-—
2111 2844 2315 2891 LXXI-

1227 2935 1413 2981 LXXIII.
1449 2949 1585 2995 pagg.
1623 2935 1760 2981 74-
1778 2934 2130 2981 104—194—
2144 2933 2233 2983 201
2251 2959 2315 2966 —-

1226 3024 1338 3070 203.
1372 3024 1478 3069 edit.
1521 3022 1662 3068 Oxou.
1708 3023 1847 3069 1682.

1331 3125 1404 3185 ²²)
1436 3126 1501 3172 De
1526 3126 1748 3172 schismat.
1767 3125 1928 3173 Donat.
1964 3126 2041 3171 lib.
2059 3125 2112 3170 Π.
2148 3138 2242 3186 cap.
2260 3125 2313 3186 11,

1226 3214 1302 3259 lib.
1337 3214 1431 3260 vll.
1467 3227 1562 3273 cap.
1598 3213 1702 3259 111.-

1328 3301 1402 3363 23)
1435 3301 1574 3361 Epist.
1610 3301 1683 3347 III.
1731 3301 1853 3347 Tom.
1900 3300 1973 3345 111.
2021 3299 2184 3346 Concil.
2240 3300 2316 3346 Hi-

1225 3403 1347 3450 span.
1381 3404 1485 3450 pag.
1522 3390 1600 3435 89.
1637 3390 1741 3435 edit.
1776 3390 1899 3435 Rom.
1939 3387 2078 3434 1694.

1325 3491 1399 3554 ²⁴)
1433 3492 1633 3537 Enarrat.
1686 3493 1729 3536 in
1781 3490 1848 3535 Ps.
1901 3489 1976 3536 XI.
2030 3503 2071 3534 n.
2116 3489 2315 3552 xxvm,

1225 3580 1279 3626 de
1311 3580 1518 3639 Virginit.
1555 3593 1651 3638 cap.
1686 3579 1804 3625 XVI.
1837 3593 1879 3623 n.
1916 3577 2023 3622 CIII.

1326 3681 1399 3743 ²⁵)
1433 3682 1480 3727 In
1513 3695 1671 3739 evang.
1690 3680 1839 3725 Matth.
1873 3692 1970 3738 cap.
1988 3679 2104 3726 XVI.
2138 3680 2214 3725 lib.
2239 3680 2311 3725 111.

1218 3784 1320 3830 pag.
1366 3770 1442 3816 74.
1486 3771 1590 3815 edit.
1635 3768 1915 3827 Martianaei,
1962 3767 2110 3813 adver.
2163 3768 2311 3827 Pelag.

1218 3859 1293 3904 lib.
1344 3859 1377 3904 1.
1429 3871 1532 3917 pag.
1579 3856 1658 3901 49.
1724 3860 1769 3902 et
1829 3855 1975 3901 adver.
2031 3856 2310 3902 Jovinianum

1216 3947 1292 3995 lib.
1327 3945 1361 3991 I.
1395 3959 1499 4006 pag.
1539 3943 1647 3991 168.

1319 4034 1394 4098 2⁶)
1437 4032 1635 4081 Pluribus
1686 4032 1735 4080 id
1785 4032 2129 4080 demonstratum
2171 4031 2309 4083 habes
