<?xml version="1.0" encoding="UTF-8"?>
<!DOCTYPE html PUBLIC "-//W3C//DTD XHTML 1.0 Transitional//EN"
    "http://www.w3.org/TR/xhtml1/DTD/xhtml1-transitional.dtd">
<html xmlns="http://www.w3.org/1999/xhtml" xml:lang="en" lang="en">
 <head>
  <title>
</title>
<meta http-equiv="Content-Type" content="text/html;charset=utf-8" />
  <meta name='ocr-system' content='tesseract 3.04.00' />
  <meta name='ocr-capabilities' content='ocr_page ocr_carea ocr_par ocr_line ocrx_word'/>
</head>
<body>
  <div class='ocr_page' id='page_1' title='image "a603168400passuoft_0013.png"; bbox 0 0 2574 4276; ppageno 0'>
   <div class='ocr_carea' id='block_1_1' title="bbox 1093 140 2402 196">
    <p class='ocr_par' dir='ltr' id='par_1_1' title="bbox 1093 140 2402 196">
     <span class='ocr_line' id='line_1_1' title="bbox 1093 140 2402 196; baseline -0.005 -1"><span class='ocrx_word' id='word_1_1' title='bbox 1093 142 1332 196; x_wconf 82' lang='lat' dir='ltr'><strong>CAPUT</strong></span> <span class='ocrx_word' id='word_1_2' title='bbox 1400 143 1441 193; x_wconf 91' lang='grc' dir='ltr'>Ι.</span> <span class='ocrx_word' id='word_1_3' title='bbox 2372 140 2402 188; x_wconf 84' lang='grc'>5</span> 
     </span>
    </p>
   </div>
   <div class='ocr_carea' id='block_1_2' title="bbox 132 266 2420 3263">
    <p class='ocr_par' dir='ltr' id='par_1_2' title="bbox 132 266 2408 1074">
     <span class='ocr_line' id='line_1_2' title="bbox 133 266 2404 351; baseline -0.004 -15"><span class='ocrx_word' id='word_1_4' title='bbox 133 282 360 345; x_wconf 71' lang='grc' dir='ltr'><em>στάσεως</em></span> <span class='ocrx_word' id='word_1_5' title='bbox 398 283 634 350; x_wconf 81' lang='lat' dir='ltr'>defendit,</span> <span class='ocrx_word' id='word_1_6' title='bbox 684 284 887 351; x_wconf 86' lang='lat' dir='ltr'>egregia</span> <span class='ocrx_word' id='word_1_7' title='bbox 933 289 1042 334; x_wconf 89' lang='lat' dir='ltr'>sunt</span> <span class='ocrx_word' id='word_1_8' title='bbox 1088 282 1484 350; x_wconf 83' lang='grc' dir='ltr'><em>παραδείγματα</em></span> <span class='ocrx_word' id='word_1_9' title='bbox 1527 280 1650 331; x_wconf 90' lang='lat' dir='ltr'>illius</span> <span class='ocrx_word' id='word_1_10' title='bbox 1696 278 2045 345; x_wconf 78' lang='lat' dir='ltr'>scripturarum</span> <span class='ocrx_word' id='word_1_11' title='bbox 2078 291 2215 342; x_wconf 79' lang='lat' dir='ltr'>uSUS,</span> <span class='ocrx_word' id='word_1_12' title='bbox 2260 266 2404 342; x_wconf 80' lang='lat' dir='ltr'>q&#39;uem</span> 
     </span>
     <span class='ocr_line' id='line_1_3' title="bbox 136 365 2403 441; baseline -0.005 -14"><span class='ocrx_word' id='word_1_13' title='bbox 136 376 547 428; x_wconf 78' lang='lat' dir='ltr'><strong>commendamus,</strong></span> <span class='ocrx_word' id='word_1_14' title='bbox 620 375 809 425; x_wconf 77' lang='lat' dir='ltr'>Tacitus</span> <span class='ocrx_word' id='word_1_15' title='bbox 869 381 1125 441; x_wconf 89' lang='lat' dir='ltr'>praetereo</span> <span class='ocrx_word' id='word_1_16' title='bbox 1181 390 1377 426; x_wconf 82' lang='lat' dir='ltr'><strong>auream</strong></span> <span class='ocrx_word' id='word_1_17' title='bbox 1421 373 1515 422; x_wconf 88' lang='grc' dir='ltr'>τοῦ</span> <span class='ocrx_word' id='word_1_18' title='bbox 1558 368 1837 436; x_wconf 78' lang='grc' dir='ltr'><em>άνωνύμου</em></span> <span class='ocrx_word' id='word_1_19' title='bbox 1884 367 2133 435; x_wconf 90' lang='lat' dir='ltr'>epistolam</span> <span class='ocrx_word' id='word_1_20' title='bbox 2180 366 2240 418; x_wconf 92' lang='lat' dir='ltr'>ad</span> <span class='ocrx_word' id='word_1_21' title='bbox 2289 365 2403 416; x_wconf 93' lang='lat' dir='ltr'>Dio-</span> 
     </span>
     <span class='ocr_line' id='line_1_4' title="bbox 133 454 2406 534; baseline -0.005 -16"><span class='ocrx_word' id='word_1_22' title='bbox 133 473 355 534; x_wconf 91' lang='lat' dir='ltr'>gnetum,</span> <span class='ocrx_word' id='word_1_23' title='bbox 393 465 542 516; x_wconf 90' lang='lat' dir='ltr'>libros</span> <span class='ocrx_word' id='word_1_24' title='bbox 575 465 826 532; x_wconf 83' lang='lat' dir='ltr'>Theophili</span> <span class='ocrx_word' id='word_1_25' title='bbox 864 465 1137 516; x_wconf 86' lang='lat' dir='ltr'>antiocheni</span> <span class='ocrx_word' id='word_1_26' title='bbox 1174 466 1235 516; x_wconf 91' lang='lat' dir='ltr'>ad</span> <span class='ocrx_word' id='word_1_27' title='bbox 1266 463 1581 531; x_wconf 80' lang='lat' dir='ltr'><strong>Autolycum,</strong></span> <span class='ocrx_word' id='word_1_28' title='bbox 1618 459 1875 512; x_wconf 90' lang='lat' dir='ltr'>Clementis</span> <span class='ocrx_word' id='word_1_29' title='bbox 1913 458 2209 509; x_wconf 83' lang='lat' dir='ltr'>alexandrini</span> <span class='ocrx_word' id='word_1_30' title='bbox 2245 454 2406 520; x_wconf 76' lang='grc' dir='ltr'><em>στρώ-</em></span> 
     </span>
     <span class='ocr_line' id='line_1_5' title="bbox 133 546 2407 624; baseline -0.005 -15"><span class='ocrx_word' id='word_1_31' title='bbox 133 547 274 624; x_wconf 81' lang='grc' dir='ltr'><em>ματα</em></span> <span class='ocrx_word' id='word_1_32' title='bbox 306 556 393 607; x_wconf 85' lang='grc' dir='ltr'>καὶ</span> <span class='ocrx_word' id='word_1_33' title='bbox 431 554 606 624; x_wconf 80' lang='grc' dir='ltr'><em>βιβλία</em></span> <span class='ocrx_word' id='word_1_34' title='bbox 641 559 734 607; x_wconf 86' lang='grc' dir='ltr'>τοῦ</span> <span class='ocrx_word' id='word_1_35' title='bbox 769 555 1124 622; x_wconf 80' lang='grc' dir='ltr'><em>παιδαγωγοῦ,</em></span> <span class='ocrx_word' id='word_1_36' title='bbox 1165 555 1392 622; x_wconf 90' lang='lat' dir='ltr'>Origenis</span> <span class='ocrx_word' id='word_1_37' title='bbox 1427 552 1648 620; x_wconf 83' lang='grc' dir='ltr'><em>τόμους,</em></span> <span class='ocrx_word' id='word_1_38' title='bbox 1696 551 1907 612; x_wconf 89' lang='lat' dir='ltr'>Irenaei‚</span> <span class='ocrx_word' id='word_1_39' title='bbox 1955 548 2258 614; x_wconf 77' lang='lat' dir='ltr'>Tertulliani,</span> <span class='ocrx_word' id='word_1_40' title='bbox 2305 546 2407 598; x_wconf 90' lang='lat' dir='ltr'>Me-</span> 
     </span>
     <span class='ocr_line' id='line_1_6' title="bbox 136 639 2408 714; baseline -0.005 -15"><span class='ocrx_word' id='word_1_41' title='bbox 136 649 303 714; x_wconf 86' lang='lat' dir='ltr'>thodii,</span> <span class='ocrx_word' id='word_1_42' title='bbox 354 663 411 697; x_wconf 91' lang='lat' dir='ltr'>ac</span> <span class='ocrx_word' id='word_1_43' title='bbox 456 648 776 713; x_wconf 89' lang='lat' dir='ltr'>reliquorum,</span> <span class='ocrx_word' id='word_1_44' title='bbox 827 648 907 713; x_wconf 93' lang='lat' dir='ltr'>qui</span> <span class='ocrx_word' id='word_1_45' title='bbox 954 647 1191 697; x_wconf 90' lang='lat' dir='ltr'>innumeri</span> <span class='ocrx_word' id='word_1_46' title='bbox 1237 651 1371 709; x_wconf 89' lang='lat' dir='ltr'>sunt,</span> <span class='ocrx_word' id='word_1_47' title='bbox 1409 656 1557 710; x_wconf 86' lang='lat' dir='ltr'>opera</span> <span class='ocrx_word' id='word_1_48' title='bbox 1592 642 1652 693; x_wconf 92' lang='lat' dir='ltr'>ad</span> <span class='ocrx_word' id='word_1_49' title='bbox 1686 656 1775 692; x_wconf 92' lang='lat' dir='ltr'>nos</span> <span class='ocrx_word' id='word_1_50' title='bbox 1811 655 1965 706; x_wconf 91' lang='lat' dir='ltr'>usque</span> <span class='ocrx_word' id='word_1_51' title='bbox 1998 639 2304 704; x_wconf 74' lang='lat' dir='ltr'>transmissa,</span> <span class='ocrx_word' id='word_1_52' title='bbox 2351 653 2408 688; x_wconf 94' lang='lat' dir='ltr'>ac</span> 
     </span>
     <span class='ocr_line' id='line_1_7' title="bbox 133 728 2408 804; baseline -0.004 -14"><span class='ocrx_word' id='word_1_53' title='bbox 133 754 229 790; x_wconf 94' lang='lat' dir='ltr'>uno</span> <span class='ocrx_word' id='word_1_54' title='bbox 268 738 450 803; x_wconf 84' lang='lat' dir='ltr'>verb0,</span> <span class='ocrx_word' id='word_1_55' title='bbox 500 738 628 804; x_wconf 92' lang='lat' dir='ltr'>quod</span> <span class='ocrx_word' id='word_1_56' title='bbox 662 753 744 788; x_wconf 89' lang='lat' dir='ltr'>res</span> <span class='ocrx_word' id='word_1_57' title='bbox 782 744 878 802; x_wconf 88' lang='lat' dir='ltr'>est,</span> <span class='ocrx_word' id='word_1_58' title='bbox 929 737 1154 803; x_wconf 92' lang='lat' dir='ltr'>quodque</span> <span class='ocrx_word' id='word_1_59' title='bbox 1192 735 1491 800; x_wconf 88' lang='lat' dir='ltr'>exploratum</span> <span class='ocrx_word' id='word_1_60' title='bbox 1535 734 1707 784; x_wconf 90' lang='lat' dir='ltr'>merito</span> <span class='ocrx_word' id='word_1_61' title='bbox 1744 731 1970 796; x_wconf 87' lang='lat' dir='ltr'>habetur,</span> <span class='ocrx_word' id='word_1_62' title='bbox 2013 728 2271 780; x_wconf 87' lang='lat' dir='ltr'>confirmo:</span> <span class='ocrx_word' id='word_1_63' title='bbox 2322 743 2408 780; x_wconf 92' lang='lat' dir='ltr'>eos</span> 
     </span>
     <span class='ocr_line' id='line_1_8' title="bbox 134 819 2408 895; baseline -0.005 -14"><span class='ocrx_word' id='word_1_64' title='bbox 134 830 225 882; x_wconf 90' lang='lat' dir='ltr'>sibi</span> <span class='ocrx_word' id='word_1_65' title='bbox 272 829 332 879; x_wconf 90' lang='lat' dir='ltr'>de</span> <span class='ocrx_word' id='word_1_66' title='bbox 368 829 559 880; x_wconf 89' lang='lat' dir='ltr'>Patrum</span> <span class='ocrx_word' id='word_1_67' title='bbox 605 829 867 878; x_wconf 87' lang='lat' dir='ltr'>imitatione</span> <span class='ocrx_word' id='word_1_68' title='bbox 903 826 1079 876; x_wconf 87' lang='lat' dir='ltr'>frustra</span> <span class='ocrx_word' id='word_1_69' title='bbox 1115 822 1340 889; x_wconf 87' lang='lat' dir='ltr'>blandiri,</span> <span class='ocrx_word' id='word_1_70' title='bbox 1387 825 1467 889; x_wconf 93' lang='lat' dir='ltr'>qui</span> <span class='ocrx_word' id='word_1_71' title='bbox 1513 823 1787 887; x_wconf 82' lang='lat' dir='ltr'>versandiS,</span> <span class='ocrx_word' id='word_1_72' title='bbox 1837 821 2231 895; x_wconf 75' lang='lat' dir='ltr'>excutieiidisque</span> <span class='ocrx_word' id='word_1_73' title='bbox 2280 819 2408 872; x_wconf 90' lang='lat' dir='ltr'>Scri-</span> 
     </span>
     <span class='ocr_line' id='line_1_9' title="bbox 132 912 2408 989; baseline -0.005 -17"><span class='ocrx_word' id='word_1_74' title='bbox 132 922 281 989; x_wconf 89' lang='lat' dir='ltr'>pturis</span> <span class='ocrx_word' id='word_1_75' title='bbox 316 935 414 971; x_wconf 91' lang='lat' dir='ltr'>non</span> <span class='ocrx_word' id='word_1_76' title='bbox 450 934 506 970; x_wconf 92' lang='lat' dir='ltr'>se</span> <span class='ocrx_word' id='word_1_77' title='bbox 537 924 664 969; x_wconf 89' lang='lat' dir='ltr'>totos</span> <span class='ocrx_word' id='word_1_78' title='bbox 701 917 935 981; x_wconf 83' lang='lat' dir='ltr'>dederint,</span> <span class='ocrx_word' id='word_1_79' title='bbox 974 922 1022 966; x_wconf 93' lang='lat' dir='ltr'>et</span> <span class='ocrx_word' id='word_1_80' title='bbox 1057 929 1261 981; x_wconf 90' lang='lat' dir='ltr'>quorum</span> <span class='ocrx_word' id='word_1_81' title='bbox 1297 914 1446 972; x_wconf 85' lang='lat' dir='ltr'>libelli</span> <span class='ocrx_word' id='word_1_82' title='bbox 1482 914 1542 964; x_wconf 93' lang='lat' dir='ltr'>ad</span> <span class='ocrx_word' id='word_1_83' title='bbox 1576 920 1770 964; x_wconf 86' lang='lat' dir='ltr'>omnem</span> <span class='ocrx_word' id='word_1_84' title='bbox 1804 914 2031 979; x_wconf 86' lang='lat' dir='ltr'>paginam</span> <span class='ocrx_word' id='word_1_85' title='bbox 2057 912 2408 978; x_wconf 78' lang='lat' dir='ltr'>scripturarum</span> 
     </span>
     <span class='ocr_line' id='line_1_10' title="bbox 136 1004 1266 1074; baseline -0.008 -11"><span class='ocrx_word' id='word_1_86' title='bbox 136 1012 416 1074; x_wconf 84' lang='lat' dir='ltr'>doctrinam,</span> <span class='ocrx_word' id='word_1_87' title='bbox 455 1009 871 1073; x_wconf 85' lang='lat' dir='ltr'>eruditionemque</span> <span class='ocrx_word' id='word_1_88' title='bbox 906 1021 1005 1056; x_wconf 92' lang='lat' dir='ltr'>non</span> <span class='ocrx_word' id='word_1_89' title='bbox 1039 1004 1266 1056; x_wconf 89' lang='lat' dir='ltr'>referant.</span> 
     </span>
    </p>

    <p class='ocr_par' dir='ltr' id='par_1_3' title="bbox 133 1092 2413 1712">
     <span class='ocr_line' id='line_1_11' title="bbox 314 1092 2412 1164; baseline -0.002 -15"><span class='ocrx_word' id='word_1_90' title='bbox 314 1106 357 1149; x_wconf 88' lang='lat'>6.</span> <span class='ocrx_word' id='word_1_91' title='bbox 413 1098 567 1159; x_wconf 88' lang='lat' dir='ltr'>Quam</span> <span class='ocrx_word' id='word_1_92' title='bbox 603 1100 644 1149; x_wconf 92' lang='lat' dir='ltr'>si</span> <span class='ocrx_word' id='word_1_93' title='bbox 679 1100 759 1164; x_wconf 91' lang='lat' dir='ltr'>qui</span> <span class='ocrx_word' id='word_1_94' title='bbox 795 1097 1118 1164; x_wconf 86' lang='lat' dir='ltr'>neglexerint,</span> <span class='ocrx_word' id='word_1_95' title='bbox 1155 1095 1205 1145; x_wconf 91' lang='lat' dir='ltr'>hi</span> <span class='ocrx_word' id='word_1_96' title='bbox 1227 1111 1389 1162; x_wconf 91' lang='lat' dir='ltr'>neque</span> <span class='ocrx_word' id='word_1_97' title='bbox 1413 1096 1678 1163; x_wconf 89' lang='lat' dir='ltr'>legentium</span> <span class='ocrx_word' id='word_1_98' title='bbox 1702 1092 1994 1158; x_wconf 85' lang='lat' dir='ltr'>utilitatibuS,</span> <span class='ocrx_word' id='word_1_99' title='bbox 2030 1108 2190 1159; x_wconf 91' lang='lat' dir='ltr'>neque</span> <span class='ocrx_word' id='word_1_100' title='bbox 2212 1108 2412 1160; x_wconf 87' lang='lat' dir='ltr'>operum</span> 
     </span>
     <span class='ocr_line' id='line_1_12' title="bbox 137 1182 2413 1259; baseline -0.003 -18"><span class='ocrx_word' id='word_1_101' title='bbox 137 1207 261 1259; x_wconf 91' lang='lat' dir='ltr'>quae</span> <span class='ocrx_word' id='word_1_102' title='bbox 310 1191 457 1241; x_wconf 90' lang='lat' dir='ltr'>edunt</span> <span class='ocrx_word' id='word_1_103' title='bbox 502 1192 685 1256; x_wconf 89' lang='lat' dir='ltr'>pretio,</span> <span class='ocrx_word' id='word_1_104' title='bbox 741 1188 997 1240; x_wconf 92' lang='lat' dir='ltr'>admodum</span> <span class='ocrx_word' id='word_1_105' title='bbox 1049 1187 1349 1238; x_wconf 91' lang='lat' dir='ltr'>consuluisse</span> <span class='ocrx_word' id='word_1_106' title='bbox 1394 1184 1697 1238; x_wconf 90' lang='lat' dir='ltr'>existimandi</span> <span class='ocrx_word' id='word_1_107' title='bbox 1741 1190 1863 1236; x_wconf 89' lang='lat' dir='ltr'>sunt.</span> <span class='ocrx_word' id='word_1_108' title='bbox 1942 1182 2130 1234; x_wconf 88' lang='lat' dir='ltr'>Etenim</span> <span class='ocrx_word' id='word_1_109' title='bbox 2176 1199 2413 1250; x_wconf 91' lang='lat' dir='ltr'>quaenam</span> 
     </span>
     <span class='ocr_line' id='line_1_13' title="bbox 133 1273 2411 1346; baseline -0.004 -12"><span class='ocrx_word' id='word_1_110' title='bbox 133 1282 327 1334; x_wconf 89' lang='lat' dir='ltr'>tandem</span> <span class='ocrx_word' id='word_1_111' title='bbox 367 1285 499 1346; x_wconf 87' lang='lat' dir='ltr'>sunt,</span> <span class='ocrx_word' id='word_1_112' title='bbox 544 1296 572 1331; x_wconf 92' lang='lat' dir='ltr'>a</span> <span class='ocrx_word' id='word_1_113' title='bbox 608 1279 780 1346; x_wconf 91' lang='lat' dir='ltr'>quibus</span> <span class='ocrx_word' id='word_1_114' title='bbox 813 1285 1069 1345; x_wconf 90' lang='lat' dir='ltr'>utrumque</span> <span class='ocrx_word' id='word_1_115' title='bbox 1105 1293 1204 1329; x_wconf 90' lang='lat' dir='ltr'>non</span> <span class='ocrx_word' id='word_1_116' title='bbox 1238 1278 1408 1329; x_wconf 87' lang='lat' dir='ltr'>iniuria</span> <span class='ocrx_word' id='word_1_117' title='bbox 1450 1273 1709 1344; x_wconf 66' lang='lat' dir='ltr'>speretur?</span> <span class='ocrx_word' id='word_1_118' title='bbox 1756 1275 1995 1341; x_wconf 89' lang='lat' dir='ltr'>doctrina,</span> <span class='ocrx_word' id='word_1_119' title='bbox 2045 1275 2237 1341; x_wconf 89' lang='lat' dir='ltr'>opinor,</span> <span class='ocrx_word' id='word_1_120' title='bbox 2289 1291 2411 1341; x_wconf 87' lang='lat' dir='ltr'>quae</span> 
     </span>
     <span class='ocr_line' id='line_1_14' title="bbox 135 1366 2411 1436; baseline -0.004 -11"><span class='ocrx_word' id='word_1_121' title='bbox 135 1373 263 1425; x_wconf 90' lang='lat' dir='ltr'>nulla</span> <span class='ocrx_word' id='word_1_122' title='bbox 298 1371 407 1422; x_wconf 88' lang='lat' dir='ltr'>labe</span> <span class='ocrx_word' id='word_1_123' title='bbox 442 1371 714 1436; x_wconf 86' lang='lat' dir='ltr'>taminetur,</span> <span class='ocrx_word' id='word_1_124' title='bbox 752 1369 907 1421; x_wconf 91' lang='lat' dir='ltr'>valida</span> <span class='ocrx_word' id='word_1_125' title='bbox 945 1384 1165 1420; x_wconf 88' lang='lat' dir='ltr'>errorum</span> <span class='ocrx_word' id='word_1_126' title='bbox 1200 1368 1534 1436; x_wconf 84' lang='lat' dir='ltr'>reprehensiO,</span> <span class='ocrx_word' id='word_1_127' title='bbox 1571 1366 1813 1418; x_wconf 91' lang='lat' dir='ltr'>luculenta</span> <span class='ocrx_word' id='word_1_128' title='bbox 1850 1366 2060 1418; x_wconf 88' lang='lat' dir='ltr'>veritatis</span> <span class='ocrx_word' id='word_1_129' title='bbox 2098 1366 2411 1432; x_wconf 91' lang='lat' dir='ltr'>confirmati0,</span> 
     </span>
     <span class='ocr_line' id='line_1_15' title="bbox 135 1457 2411 1532; baseline -0.004 -17"><span class='ocrx_word' id='word_1_130' title='bbox 135 1471 183 1517; x_wconf 93' lang='lat' dir='ltr'>et</span> <span class='ocrx_word' id='word_1_131' title='bbox 229 1462 492 1515; x_wconf 87' lang='lat' dir='ltr'>verborum</span> <span class='ocrx_word' id='word_1_132' title='bbox 542 1462 720 1512; x_wconf 87' lang='lat' dir='ltr'>sanitas</span> <span class='ocrx_word' id='word_1_133' title='bbox 766 1477 875 1511; x_wconf 92' lang='lat' dir='ltr'>cum</span> <span class='ocrx_word' id='word_1_134' title='bbox 908 1462 1098 1532; x_wconf 73' lang='lat' dir='ltr'>vpietate</span> <span class='ocrx_word' id='word_1_135' title='bbox 1145 1461 1413 1511; x_wconf 91' lang='lat' dir='ltr'>coniuncta.</span> <span class='ocrx_word' id='word_1_136' title='bbox 1486 1459 1633 1526; x_wconf 84' lang='lat' dir='ltr'>Atqui</span> <span class='ocrx_word' id='word_1_137' title='bbox 1669 1459 1808 1509; x_wconf 92' lang='lat' dir='ltr'>dotes</span> <span class='ocrx_word' id='word_1_138' title='bbox 1844 1459 1966 1510; x_wconf 90' lang='lat' dir='ltr'>istae</span> <span class='ocrx_word' id='word_1_139' title='bbox 2002 1464 2111 1510; x_wconf 89' lang='lat' dir='ltr'>sunt</span> <span class='ocrx_word' id='word_1_140' title='bbox 2146 1457 2411 1524; x_wconf 89' lang='lat' dir='ltr'>Scriptura-</span> 
     </span>
     <span class='ocr_line' id='line_1_16' title="bbox 134 1549 2411 1622; baseline -0.004 -15"><span class='ocrx_word' id='word_1_141' title='bbox 134 1572 256 1622; x_wconf 89' lang='lat' dir='ltr'>rum,</span> <span class='ocrx_word' id='word_1_142' title='bbox 293 1569 454 1620; x_wconf 92' lang='lat' dir='ltr'>neque</span> <span class='ocrx_word' id='word_1_143' title='bbox 482 1554 534 1605; x_wconf 91' lang='lat' dir='ltr'>in</span> <span class='ocrx_word' id='word_1_144' title='bbox 561 1552 903 1620; x_wconf 87' lang='lat' dir='ltr'>theologorum</span> <span class='ocrx_word' id='word_1_145' title='bbox 939 1552 1089 1604; x_wconf 90' lang='lat' dir='ltr'>libros</span> <span class='ocrx_word' id='word_1_146' title='bbox 1127 1552 1333 1617; x_wconf 92' lang='lat' dir='ltr'>aliunde,</span> <span class='ocrx_word' id='word_1_147' title='bbox 1373 1566 1516 1617; x_wconf 90' lang='lat' dir='ltr'>quam</span> <span class='ocrx_word' id='word_1_148' title='bbox 1553 1566 1617 1601; x_wconf 90' lang='lat' dir='ltr'>ex</span> <span class='ocrx_word' id='word_1_149' title='bbox 1648 1550 1928 1602; x_wconf 88' lang='lat' dir='ltr'>earumdem</span> <span class='ocrx_word' id='word_1_150' title='bbox 1952 1549 2084 1601; x_wconf 91' lang='lat' dir='ltr'>fonte</span> <span class='ocrx_word' id='word_1_151' title='bbox 2108 1564 2411 1616; x_wconf 88' lang='lat' dir='ltr'>permanare,</span> 
     </span>
     <span class='ocr_line' id='line_1_17' title="bbox 134 1646 674 1712; baseline -0.011 -13"><span class='ocrx_word' id='word_1_152' title='bbox 134 1646 421 1712; x_wconf 88' lang='lat' dir='ltr'>refundique</span> <span class='ocrx_word' id='word_1_153' title='bbox 457 1649 674 1710; x_wconf 89' lang='lat' dir='ltr'>possunt.</span> 
     </span>
    </p>

    <p class='ocr_par' dir='ltr' id='par_1_4' title="bbox 137 1730 2420 3263">
     <span class='ocr_line' id='line_1_18' title="bbox 314 1730 2414 1801; baseline -0.001 -15"><span class='ocrx_word' id='word_1_154' title='bbox 314 1741 359 1787; x_wconf 82' lang='grc'>7.</span> <span class='ocrx_word' id='word_1_155' title='bbox 415 1734 649 1801; x_wconf 90' lang='lat' dir='ltr'>Apposite</span> <span class='ocrx_word' id='word_1_156' title='bbox 685 1733 873 1801; x_wconf 91' lang='lat' dir='ltr'>Paulus,</span> <span class='ocrx_word' id='word_1_157' title='bbox 913 1735 993 1801; x_wconf 87' lang='lat' dir='ltr'>qui</span> <span class='ocrx_word' id='word_1_158' title='bbox 1022 1735 1062 1760; x_wconf 84' lang='lat'>¹³</span> <span class='ocrx_word' id='word_1_159' title='bbox 1103 1735 1350 1800; x_wconf 89' lang='lat' dir='ltr'>scripturis</span> <span class='ocrx_word' id='word_1_160' title='bbox 1388 1734 1567 1800; x_wconf 89' lang='lat' dir='ltr'>antiqui</span> <span class='ocrx_word' id='word_1_161' title='bbox 1603 1733 1832 1800; x_wconf 89' lang='lat' dir='ltr'>foederis,</span> <span class='ocrx_word' id='word_1_162' title='bbox 1873 1749 1990 1799; x_wconf 92' lang='lat' dir='ltr'>quas</span> <span class='ocrx_word' id='word_1_163' title='bbox 2016 1730 2080 1786; x_wconf 78' lang='grc' dir='ltr'>τοὶ</span> <span class='ocrx_word' id='word_1_164' title='bbox 2106 1730 2220 1801; x_wconf 73' lang='grc' dir='ltr'><em>ἱεροὶ</em></span> <span class='ocrx_word' id='word_1_165' title='bbox 2246 1730 2414 1799; x_wconf 80' lang='grc' dir='ltr'><em>γράμ-</em></span> 
     </span>
     <span class='ocr_line' id='line_1_19' title="bbox 137 1812 2414 1902; baseline -0.004 -20"><span class='ocrx_word' id='word_1_166' title='bbox 137 1844 278 1897; x_wconf 87' lang='grc' dir='ltr'><em>ματα</em></span> <span class='ocrx_word' id='word_1_167' title='bbox 312 1842 495 1878; x_wconf 76' lang='lat' dir='ltr'>sa-cras</span> <span class='ocrx_word' id='word_1_168' title='bbox 537 1824 734 1902; x_wconf 77' lang='lat' dir='ltr'>litteras</span> <span class='ocrx_word' id='word_1_169' title='bbox 772 1832 926 1891; x_wconf 92' lang='lat' dir='ltr'>vocat,</span> <span class='ocrx_word' id='word_1_170' title='bbox 963 1826 1197 1892; x_wconf 89' lang='lat' dir='ltr'>principio</span> <span class='ocrx_word' id='word_1_171' title='bbox 1233 1825 1421 1892; x_wconf 88' lang='lat' dir='ltr'>tribuit,</span> <span class='ocrx_word' id='word_1_172' title='bbox 1463 1830 1517 1876; x_wconf 86' lang='lat' dir='ltr'>ut</span> <span class='ocrx_word' id='word_1_173' title='bbox 1550 1826 1644 1876; x_wconf 88' lang='lat' dir='ltr'>sint</span> <span class='ocrx_word' id='word_1_174' title='bbox 1679 1822 1948 1891; x_wconf 73' lang='grc' dir='ltr'><em>δυνάμενά</em></span> <span class='ocrx_word' id='word_1_175' title='bbox 1991 1840 2047 1875; x_wconf 88' lang='grc' dir='ltr'>σε</span> <span class='ocrx_word' id='word_1_176' title='bbox 2089 1812 2304 1893; x_wconf 77' lang='grc' dir='ltr'><em>σοφίσαι</em></span> <span class='ocrx_word' id='word_1_177' title='bbox 2340 1827 2414 1884; x_wconf 79' lang='grc' dir='ltr'>εἰς</span> 
     </span>
     <span class='ocr_line' id='line_1_20' title="bbox 141 1906 2417 1986; baseline -0.002 -14"><span class='ocrx_word' id='word_1_178' title='bbox 141 1919 396 1986; x_wconf 84' lang='grc' dir='ltr'><em>σωτηρίαν</em></span> <span class='ocrx_word' id='word_1_179' title='bbox 432 1914 526 1969; x_wconf 78' lang='grc' dir='ltr'><em>διιὶ</em></span> <span class='ocrx_word' id='word_1_180' title='bbox 562 1916 779 1976; x_wconf 83' lang='grc' dir='ltr'><em>πίστεως</em></span> <span class='ocrx_word' id='word_1_181' title='bbox 814 1918 900 1978; x_wconf 79' lang='grc' dir='ltr'>τῆς</span> <span class='ocrx_word' id='word_1_182' title='bbox 933 1920 988 1967; x_wconf 75' lang='grc' dir='ltr'>ἐν</span> <span class='ocrx_word' id='word_1_183' title='bbox 1022 1916 1240 1984; x_wconf 76' lang='grc' dir='ltr'><em>Χριστῷ</em></span> <span class='ocrx_word' id='word_1_184' title='bbox 1272 1914 1467 1983; x_wconf 83' lang='grc' dir='ltr'><em>Ἰησοῦ,</em></span> <span class='ocrx_word' id='word_1_185' title='bbox 1511 1932 1569 1967; x_wconf 90' lang='grc'><strong>03</strong></span> <span class='ocrx_word' id='word_1_186' title='bbox 1605 1918 1777 1967; x_wconf 87' lang='lat' dir='ltr'>virtute</span> <span class='ocrx_word' id='word_1_187' title='bbox 1812 1916 2052 1983; x_wconf 90' lang='lat' dir='ltr'>praedita,</span> <span class='ocrx_word' id='word_1_188' title='bbox 2104 1932 2197 1982; x_wconf 90' lang='lat' dir='ltr'>qua</span> <span class='ocrx_word' id='word_1_189' title='bbox 2231 1906 2417 1983; x_wconf 78' lang='lat' dir='ltr'>possint</span> 
     </span>
     <span class='ocr_line' id='line_1_21' title="bbox 140 2001 2420 2074; baseline -0.003 -10"><span class='ocrx_word' id='word_1_190' title='bbox 140 2028 247 2064; x_wconf 90' lang='lat' dir='ltr'>eam</span> <span class='ocrx_word' id='word_1_191' title='bbox 284 2010 496 2062; x_wconf 89' lang='lat' dir='ltr'>edocere</span> <span class='ocrx_word' id='word_1_192' title='bbox 533 2013 582 2058; x_wconf 88' lang='lat' dir='ltr'>et</span> <span class='ocrx_word' id='word_1_193' title='bbox 619 2014 1001 2059; x_wconf 87' lang='lat' dir='ltr'>commonstrare</span> <span class='ocrx_word' id='word_1_194' title='bbox 1029 2010 1070 2034; x_wconf 78' lang='lat'>¹⁴</span> <span class='ocrx_word' id='word_1_195' title='bbox 1112 2007 1330 2073; x_wconf 90' lang='lat' dir='ltr'>salutem,</span> <span class='ocrx_word' id='word_1_196' title='bbox 1370 2023 1494 2074; x_wconf 89' lang='lat' dir='ltr'>quae</span> <span class='ocrx_word' id='word_1_197' title='bbox 1529 2007 1624 2058; x_wconf 89' lang='lat' dir='ltr'>fide</span> <span class='ocrx_word' id='word_1_198' title='bbox 1660 2009 1709 2058; x_wconf 90' lang='lat' dir='ltr'>in</span> <span class='ocrx_word' id='word_1_199' title='bbox 1734 2007 1921 2058; x_wconf 90' lang='lat' dir='ltr'>Christo</span> <span class='ocrx_word' id='word_1_200' title='bbox 1943 2008 2061 2059; x_wconf 91' lang='lat' dir='ltr'>Jesu</span> <span class='ocrx_word' id='word_1_201' title='bbox 2092 2001 2420 2074; x_wconf 80' lang='lat' dir='ltr'>comparatur.</span> 
     </span>
     <span class='ocr_line' id='line_1_22' title="bbox 141 2098 2414 2167; baseline -0.001 -14"><span class='ocrx_word' id='word_1_202' title='bbox 141 2104 260 2153; x_wconf 93' lang='lat' dir='ltr'>Tum</span> <span class='ocrx_word' id='word_1_203' title='bbox 306 2117 365 2152; x_wconf 91' lang='lat' dir='ltr'>ea</span> <span class='ocrx_word' id='word_1_204' title='bbox 408 2100 634 2151; x_wconf 92' lang='lat' dir='ltr'>continuo</span> <span class='ocrx_word' id='word_1_205' title='bbox 671 2099 860 2150; x_wconf 91' lang='lat' dir='ltr'>subiicit</span> <span class='ocrx_word' id='word_1_206' title='bbox 886 2103 927 2127; x_wconf 87' lang='lat'>¹⁵</span> <span class='ocrx_word' id='word_1_207' title='bbox 945 2140 958 2167; x_wconf 90' lang='lat'>,</span> <span class='ocrx_word' id='word_1_208' title='bbox 1008 2099 1179 2167; x_wconf 89' lang='lat' dir='ltr'>quibus</span> <span class='ocrx_word' id='word_1_209' title='bbox 1218 2099 1393 2150; x_wconf 89' lang='lat' dir='ltr'>eximia</span> <span class='ocrx_word' id='word_1_210' title='bbox 1428 2099 1570 2166; x_wconf 91' lang='lat' dir='ltr'>plane</span> <span class='ocrx_word' id='word_1_211' title='bbox 1606 2099 1727 2149; x_wconf 89' lang='lat' dir='ltr'>ratio</span> <span class='ocrx_word' id='word_1_212' title='bbox 1766 2100 2060 2166; x_wconf 88' lang='lat' dir='ltr'>continetur,</span> <span class='ocrx_word' id='word_1_213' title='bbox 2108 2114 2202 2166; x_wconf 89' lang='lat' dir='ltr'>qua</span> <span class='ocrx_word' id='word_1_214' title='bbox 2236 2098 2414 2151; x_wconf 88' lang='lat' dir='ltr'>factum</span> 
     </span>
     <span class='ocr_line' id='line_1_23' title="bbox 142 2189 2414 2260; baseline -0.003 -14"><span class='ocrx_word' id='word_1_215' title='bbox 142 2200 230 2260; x_wconf 91' lang='lat' dir='ltr'>est,</span> <span class='ocrx_word' id='word_1_216' title='bbox 267 2199 318 2244; x_wconf 91' lang='lat' dir='ltr'>ut</span> <span class='ocrx_word' id='word_1_217' title='bbox 341 2191 521 2257; x_wconf 90' lang='lat' dir='ltr'>antiqui</span> <span class='ocrx_word' id='word_1_218' title='bbox 555 2190 767 2242; x_wconf 88' lang='lat' dir='ltr'>foederis</span> <span class='ocrx_word' id='word_1_219' title='bbox 805 2192 1089 2258; x_wconf 87' lang='lat' dir='ltr'>scripturam</span> <span class='ocrx_word' id='word_1_220' title='bbox 1126 2190 1306 2258; x_wconf 89' lang='lat' dir='ltr'>ellogio</span> <span class='ocrx_word' id='word_1_221' title='bbox 1343 2192 1450 2241; x_wconf 73' lang='grc' dir='ltr'>τῶν</span> <span class='ocrx_word' id='word_1_222' title='bbox 1481 2190 1636 2255; x_wconf 76' lang='grc' dir='ltr'><em>ἱερῶν</em></span> <span class='ocrx_word' id='word_1_223' title='bbox 1669 2189 1997 2258; x_wconf 73' lang='grc' dir='ltr'><em>γραμμάτων</em></span> <span class='ocrx_word' id='word_1_224' title='bbox 2031 2191 2238 2257; x_wconf 87' lang='lat' dir='ltr'>ipsemet</span> <span class='ocrx_word' id='word_1_225' title='bbox 2273 2205 2414 2241; x_wconf 91' lang='lat' dir='ltr'>orna-</span> 
     </span>
     <span class='ocr_line' id='line_1_24' title="bbox 141 2279 2413 2351; baseline -0.001 -15"><span class='ocrx_word' id='word_1_226' title='bbox 141 2287 227 2350; x_wconf 91' lang='lat' dir='ltr'>rit,</span> <span class='ocrx_word' id='word_1_227' title='bbox 277 2283 533 2348; x_wconf 91' lang='lat' dir='ltr'>eidemque</span> <span class='ocrx_word' id='word_1_228' title='bbox 579 2282 821 2348; x_wconf 89' lang='lat' dir='ltr'>insignem</span> <span class='ocrx_word' id='word_1_229' title='bbox 870 2282 993 2333; x_wconf 91' lang='lat' dir='ltr'>adeo</span> <span class='ocrx_word' id='word_1_230' title='bbox 1044 2279 1289 2348; x_wconf 83' lang='grc' dir='ltr'><em>δύναμιν,</em></span> <span class='ocrx_word' id='word_1_231' title='bbox 1345 2282 1613 2334; x_wconf 91' lang='lat' dir='ltr'>cuiusmodi</span> <span class='ocrx_word' id='word_1_232' title='bbox 1659 2288 1733 2333; x_wconf 89' lang='lat' dir='ltr'>est</span> <span class='ocrx_word' id='word_1_233' title='bbox 1779 2281 1997 2351; x_wconf 81' lang='grc' dir='ltr'><em>σοφίσαι</em></span> <span class='ocrx_word' id='word_1_234' title='bbox 2032 2285 2106 2343; x_wconf 83' lang='grc' dir='ltr'>εὶς</span> <span class='ocrx_word' id='word_1_235' title='bbox 2142 2282 2413 2348; x_wconf 76' lang='grc' dir='ltr'><em>σωτηρίαν,</em></span> 
     </span>
     <span class='ocr_line' id='line_1_25' title="bbox 143 2366 2413 2441; baseline -0 -15"><span class='ocrx_word' id='word_1_236' title='bbox 143 2377 472 2426; x_wconf 83' lang='lat' dir='ltr'>incunctanter</span> <span class='ocrx_word' id='word_1_237' title='bbox 515 2374 789 2425; x_wconf 91' lang='lat' dir='ltr'>asseruerit.</span> <span class='ocrx_word' id='word_1_238' title='bbox 860 2373 1097 2424; x_wconf 88' lang='lat' dir='ltr'>Videlicet</span> <span class='ocrx_word' id='word_1_239' title='bbox 1142 2389 1201 2424; x_wconf 91' lang='lat' dir='ltr'>ea</span> <span class='ocrx_word' id='word_1_240' title='bbox 1250 2373 1310 2424; x_wconf 90' lang='lat' dir='ltr'>de</span> <span class='ocrx_word' id='word_1_241' title='bbox 1359 2388 1531 2425; x_wconf 85' lang='lat' dir='ltr'>caussa</span> <span class='ocrx_word' id='word_1_242' title='bbox 1577 2375 1756 2441; x_wconf 90' lang='lat' dir='ltr'>antiqui</span> <span class='ocrx_word' id='word_1_243' title='bbox 1798 2373 2011 2426; x_wconf 86' lang='lat' dir='ltr'>foederis</span> <span class='ocrx_word' id='word_1_244' title='bbox 2046 2375 2313 2441; x_wconf 88' lang='lat' dir='ltr'>scripturae</span> <span class='ocrx_word' id='word_1_245' title='bbox 2349 2366 2413 2425; x_wconf 77' lang='grc' dir='ltr'>τοὶ</span> 
     </span>
     <span class='ocr_line' id='line_1_26' title="bbox 144 2460 2415 2534; baseline 0 -17"><span class='ocrx_word' id='word_1_246' title='bbox 144 2460 254 2533; x_wconf 77' lang='grc' dir='ltr'><em>ἱεροὶ</em></span> <span class='ocrx_word' id='word_1_247' title='bbox 288 2463 573 2532; x_wconf 78' lang='grc' dir='ltr'><em>γράμματα</em></span> <span class='ocrx_word' id='word_1_248' title='bbox 610 2470 942 2530; x_wconf 89' lang='lat' dir='ltr'>nuncupantur</span> <span class='ocrx_word' id='word_1_249' title='bbox 980 2470 1028 2515; x_wconf 93' lang='lat' dir='ltr'>et</span> <span class='ocrx_word' id='word_1_250' title='bbox 1062 2470 1185 2530; x_wconf 88' lang='lat' dir='ltr'>sunt,</span> <span class='ocrx_word' id='word_1_251' title='bbox 1226 2465 1355 2532; x_wconf 89' lang='lat' dir='ltr'>quod</span> <span class='ocrx_word' id='word_1_252' title='bbox 1391 2467 1531 2516; x_wconf 83' lang='grc' dir='ltr'><em>πᾶσα</em></span> <span class='ocrx_word' id='word_1_253' title='bbox 1566 2463 1744 2534; x_wconf 78' lang='grc' dir='ltr'><em>γραφη</em></span> <span class='ocrx_word' id='word_1_254' title='bbox 1781 2463 2135 2526; x_wconf 78' lang='grc' dir='ltr'><em>θεόπνευστος</em></span> <span class='ocrx_word' id='word_1_255' title='bbox 2171 2465 2415 2533; x_wconf 84' lang='lat' dir='ltr'>Scriptura</span> 
     </span>
     <span class='ocr_line' id='line_1_27' title="bbox 146 2555 2415 2623; baseline 0 -15"><span class='ocrx_word' id='word_1_256' title='bbox 146 2558 301 2608; x_wconf 92' lang='lat' dir='ltr'>omnis</span> <span class='ocrx_word' id='word_1_257' title='bbox 337 2556 562 2622; x_wconf 90' lang='lat' dir='ltr'>inspirata</span> <span class='ocrx_word' id='word_1_258' title='bbox 598 2555 819 2606; x_wconf 86' lang='lat' dir='ltr'>divinitus</span> <span class='ocrx_word' id='word_1_259' title='bbox 857 2561 955 2622; x_wconf 91' lang='lat' dir='ltr'>est,</span> <span class='ocrx_word' id='word_1_260' title='bbox 1002 2570 1059 2605; x_wconf 94' lang='lat' dir='ltr'>ac</span> <span class='ocrx_word' id='word_1_261' title='bbox 1094 2555 1153 2605; x_wconf 91' lang='lat' dir='ltr'>ab</span> <span class='ocrx_word' id='word_1_262' title='bbox 1190 2556 1247 2607; x_wconf 91' lang='lat' dir='ltr'>iis</span> <span class='ocrx_word' id='word_1_263' title='bbox 1282 2556 1525 2623; x_wconf 89' lang='lat' dir='ltr'>profecta,</span> <span class='ocrx_word' id='word_1_264' title='bbox 1576 2558 1657 2623; x_wconf 92' lang='lat' dir='ltr'>qui</span> <span class='ocrx_word' id='word_1_265' title='bbox 1699 2572 1797 2607; x_wconf 92' lang='lat' dir='ltr'>non</span> <span class='ocrx_word' id='word_1_266' title='bbox 1836 2572 1899 2608; x_wconf 87' lang='lat' dir='ltr'>ex</span> <span class='ocrx_word' id='word_1_267' title='bbox 1932 2557 2141 2607; x_wconf 91' lang='lat' dir='ltr'>humana</span> <span class='ocrx_word' id='word_1_268' title='bbox 2178 2559 2415 2608; x_wconf 89' lang='lat' dir='ltr'>sententia</span> 
     </span>
     <span class='ocr_line' id='line_1_28' title="bbox 146 2645 2415 2714; baseline -0.001 -14"><span class='ocrx_word' id='word_1_269' title='bbox 146 2648 451 2714; x_wconf 90' lang='lat' dir='ltr'>scripserint,</span> <span class='ocrx_word' id='word_1_270' title='bbox 488 2645 576 2697; x_wconf 91' lang='lat' dir='ltr'>sed</span> <span class='ocrx_word' id='word_1_271' title='bbox 609 2652 660 2696; x_wconf 93' lang='lat' dir='ltr'>ut</span> <span class='ocrx_word' id='word_1_272' title='bbox 696 2651 862 2697; x_wconf 89' lang='lat' dir='ltr'>auctor</span> <span class='ocrx_word' id='word_1_273' title='bbox 899 2652 972 2697; x_wconf 88' lang='lat' dir='ltr'>est</span> <span class='ocrx_word' id='word_1_274' title='bbox 1005 2646 1172 2697; x_wconf 89' lang='lat' dir='ltr'>Petrus</span> <span class='ocrx_word' id='word_1_275' title='bbox 1204 2647 1266 2713; x_wconf 81' lang='lat'>¹⁶,</span> <span class='ocrx_word' id='word_1_276' title='bbox 1320 2647 1550 2699; x_wconf 89' lang='lat' dir='ltr'>coelestia</span> <span class='ocrx_word' id='word_1_277' title='bbox 1595 2648 1791 2699; x_wconf 89' lang='lat' dir='ltr'>oracula</span> <span class='ocrx_word' id='word_1_278' title='bbox 1839 2648 2076 2699; x_wconf 88' lang='lat' dir='ltr'>ediderint</span> <span class='ocrx_word' id='word_1_279' title='bbox 2117 2646 2218 2699; x_wconf 79' lang='grc' dir='ltr'>ὑπο</span> <span class='ocrx_word' id='word_1_280' title='bbox 2267 2647 2415 2698; x_wconf 83' lang='grc' dir='ltr'><em>πνεύ-</em></span> 
     </span>
     <span class='ocr_line' id='line_1_29' title="bbox 144 2734 2415 2806; baseline 0 -17"><span class='ocrx_word' id='word_1_281' title='bbox 144 2755 306 2806; x_wconf 84' lang='grc' dir='ltr'><em>ματος</em></span> <span class='ocrx_word' id='word_1_282' title='bbox 348 2734 501 2804; x_wconf 77' lang='grc' dir='ltr'><em>ἁγίου</em></span> <span class='ocrx_word' id='word_1_283' title='bbox 547 2736 826 2806; x_wconf 83' lang='grc' dir='ltr'><em>φερόμενοι</em></span> <span class='ocrx_word' id='word_1_284' title='bbox 863 2744 1028 2789; x_wconf 85' lang='grc' dir='ltr'><strong>53ηοῐο</strong></span> <span class='ocrx_word' id='word_1_285' title='bbox 1068 2737 1243 2804; x_wconf 91' lang='lat' dir='ltr'>Spiritu</span> <span class='ocrx_word' id='word_1_286' title='bbox 1277 2740 1370 2789; x_wconf 90' lang='lat' dir='ltr'>acti</span> <span class='ocrx_word' id='word_1_287' title='bbox 1407 2745 1550 2805; x_wconf 90' lang='lat' dir='ltr'>atque</span> <span class='ocrx_word' id='word_1_288' title='bbox 1587 2740 1823 2790; x_wconf 89' lang='lat' dir='ltr'>instincti:</span> <span class='ocrx_word' id='word_1_289' title='bbox 1862 2739 2008 2805; x_wconf 91' lang='lat' dir='ltr'>idest,</span> <span class='ocrx_word' id='word_1_290' title='bbox 2064 2738 2329 2806; x_wconf 89' lang='lat' dir='ltr'>Theophilo</span> <span class='ocrx_word' id='word_1_291' title='bbox 2366 2740 2415 2790; x_wconf 90' lang='lat' dir='ltr'>in</span> 
     </span>
     <span class='ocr_line' id='line_1_30' title="bbox 145 2818 2416 2898; baseline -0 -17"><span class='ocrx_word' id='word_1_292' title='bbox 145 2831 294 2882; x_wconf 89' lang='lat' dir='ltr'>altero</span> <span class='ocrx_word' id='word_1_293' title='bbox 331 2829 391 2879; x_wconf 93' lang='lat' dir='ltr'>ad</span> <span class='ocrx_word' id='word_1_294' title='bbox 425 2818 714 2896; x_wconf 78' lang='lat' dir='ltr'>Autolycum</span> <span class='ocrx_word' id='word_1_295' title='bbox 749 2828 872 2879; x_wconf 87' lang='lat' dir='ltr'>libro</span> <span class='ocrx_word' id='word_1_296' title='bbox 907 2830 1186 2895; x_wconf 89' lang='lat' dir='ltr'>interprete,</span> <span class='ocrx_word' id='word_1_297' title='bbox 1224 2829 1672 2898; x_wconf 79' lang='grc' dir='ltr'><em>πνευματόφοροι,</em></span> <span class='ocrx_word' id='word_1_298' title='bbox 1709 2831 1788 2881; x_wconf 87' lang='lat' dir='ltr'>vel</span> <span class='ocrx_word' id='word_1_299' title='bbox 1823 2837 1874 2881; x_wconf 90' lang='lat' dir='ltr'>ut</span> <span class='ocrx_word' id='word_1_300' title='bbox 1910 2832 1957 2881; x_wconf 91' lang='lat' dir='ltr'>in</span> <span class='ocrx_word' id='word_1_301' title='bbox 1995 2832 2164 2882; x_wconf 92' lang='lat' dir='ltr'>maiori</span> <span class='ocrx_word' id='word_1_302' title='bbox 2192 2831 2416 2897; x_wconf 89' lang='lat' dir='ltr'>apologia</span> 
     </span>
     <span class='ocr_line' id='line_1_31' title="bbox 145 2917 2416 2991; baseline -0 -19"><span class='ocrx_word' id='word_1_303' title='bbox 145 2922 353 2972; x_wconf 90' lang='lat' dir='ltr'>Justinus</span> <span class='ocrx_word' id='word_1_304' title='bbox 413 2920 649 2986; x_wconf 86' lang='lat' dir='ltr'>loquitur,</span> <span class='ocrx_word' id='word_1_305' title='bbox 715 2917 1145 2990; x_wconf 84' lang='grc' dir='ltr'><em>θεοφορούμενοι</em></span> <span class='ocrx_word' id='word_1_306' title='bbox 1208 2921 1280 2987; x_wconf 77' lang='grc' dir='ltr'>τῷ</span> <span class='ocrx_word' id='word_1_307' title='bbox 1329 2917 1582 2986; x_wconf 83' lang='grc' dir='ltr'><em>πνεύματι</em></span> <span class='ocrx_word' id='word_1_308' title='bbox 1629 2924 1944 2991; x_wconf 78' lang='grc' dir='ltr'><em>προφητικῷ.</em></span> <span class='ocrx_word' id='word_1_309' title='bbox 2035 2921 2202 2972; x_wconf 91' lang='lat' dir='ltr'>Omnis</span> <span class='ocrx_word' id='word_1_310' title='bbox 2257 2927 2416 2972; x_wconf 87' lang='lat' dir='ltr'>autem</span> 
     </span>
     <span class='ocr_line' id='line_1_32' title="bbox 147 3008 2415 3080; baseline 0 -17"><span class='ocrx_word' id='word_1_311' title='bbox 147 3012 409 3078; x_wconf 88' lang='lat' dir='ltr'>Scriptura,</span> <span class='ocrx_word' id='word_1_312' title='bbox 457 3011 618 3077; x_wconf 90' lang='lat' dir='ltr'>pergit</span> <span class='ocrx_word' id='word_1_313' title='bbox 652 3010 940 3077; x_wconf 90' lang='lat' dir='ltr'>Apostolus,</span> <span class='ocrx_word' id='word_1_314' title='bbox 993 3026 1117 3077; x_wconf 88' lang='lat' dir='ltr'>quae</span> <span class='ocrx_word' id='word_1_315' title='bbox 1153 3008 1506 3072; x_wconf 78' lang='grc' dir='ltr'><em>θεόπνευστος</em></span> <span class='ocrx_word' id='word_1_316' title='bbox 1542 3019 1616 3064; x_wconf 92' lang='lat' dir='ltr'>est</span> <span class='ocrx_word' id='word_1_317' title='bbox 1639 3016 1708 3079; x_wconf 88' lang='lat'>¹⁷,</span> <span class='ocrx_word' id='word_1_318' title='bbox 1760 3013 1932 3064; x_wconf 91' lang='lat' dir='ltr'>eadem</span> <span class='ocrx_word' id='word_1_319' title='bbox 1969 3014 2028 3064; x_wconf 94' lang='lat' dir='ltr'>ad</span> <span class='ocrx_word' id='word_1_320' title='bbox 2066 3013 2415 3080; x_wconf 88' lang='lat' dir='ltr'>designandam</span> 
     </span>
     <span class='ocr_line' id='line_1_33' title="bbox 148 3099 2414 3172; baseline -0 -18"><span class='ocrx_word' id='word_1_321' title='bbox 148 3103 307 3154; x_wconf 92' lang='lat' dir='ltr'>salutis</span> <span class='ocrx_word' id='word_1_322' title='bbox 356 3103 483 3153; x_wconf 89' lang='lat' dir='ltr'>viam</span> <span class='ocrx_word' id='word_1_323' title='bbox 536 3102 749 3168; x_wconf 66' lang='lat' dir='ltr'>egregie</span> <span class='ocrx_word' id='word_1_324' title='bbox 790 3101 971 3153; x_wconf 92' lang='lat' dir='ltr'>idcirco</span> <span class='ocrx_word' id='word_1_325' title='bbox 1015 3100 1228 3167; x_wconf 86' lang='lat' dir='ltr'>confert,</span> <span class='ocrx_word' id='word_1_326' title='bbox 1279 3101 1408 3168; x_wconf 90' lang='lat' dir='ltr'>quod</span> <span class='ocrx_word' id='word_1_327' title='bbox 1456 3103 1541 3154; x_wconf 83' lang='grc' dir='ltr'>καὶ</span> <span class='ocrx_word' id='word_1_328' title='bbox 1580 3101 1848 3172; x_wconf 72' lang='grc' dir='ltr'><em>ω’φέλιμος</em></span> <span class='ocrx_word' id='word_1_329' title='bbox 1884 3099 2017 3172; x_wconf 79' lang='grc' dir='ltr'><em>πρός</em></span> <span class='ocrx_word' id='word_1_330' title='bbox 2054 3102 2414 3165; x_wconf 83' lang='grc' dir='ltr'><em>διδασκαλίαν,</em></span> 
     </span>
     <span class='ocr_line' id='line_1_34' title="bbox 147 3186 2415 3263; baseline 0 -19"><span class='ocrx_word' id='word_1_331' title='bbox 147 3188 278 3259; x_wconf 82' lang='grc' dir='ltr'><em>πρὸς</em></span> <span class='ocrx_word' id='word_1_332' title='bbox 314 3192 547 3259; x_wconf 74' lang='grc' dir='ltr'><em>ἔλεγχον,</em></span> <span class='ocrx_word' id='word_1_333' title='bbox 580 3186 711 3259; x_wconf 80' lang='grc' dir='ltr'><em>πρὸς</em></span> <span class='ocrx_word' id='word_1_334' title='bbox 738 3193 1124 3260; x_wconf 73' lang='grc' dir='ltr'><em>ἐπανόρθωσιν,</em></span> <span class='ocrx_word' id='word_1_335' title='bbox 1162 3191 1291 3259; x_wconf 83' lang='grc' dir='ltr'><em>πρὸς</em></span> <span class='ocrx_word' id='word_1_336' title='bbox 1316 3191 1556 3245; x_wconf 80' lang='grc' dir='ltr'><em>παιδείαν</em></span> <span class='ocrx_word' id='word_1_337' title='bbox 1583 3194 1674 3258; x_wconf 81' lang='grc' dir='ltr'>την</span> <span class='ocrx_word' id='word_1_338' title='bbox 1694 3199 1748 3247; x_wconf 75' lang='grc' dir='ltr'>ἐν</span> <span class='ocrx_word' id='word_1_339' title='bbox 1775 3194 2095 3263; x_wconf 82' lang='grc' dir='ltr'><em>δικαιοσύνῃ·</em></span> <span class='ocrx_word' id='word_1_340' title='bbox 2133 3194 2216 3247; x_wconf 82' lang='grc' dir='ltr'>ἵνα</span> <span class='ocrx_word' id='word_1_341' title='bbox 2237 3193 2415 3262; x_wconf 77' lang='grc' dir='ltr'><em>ἄρτιος</em></span> 
     </span>
    </p>
   </div>
   <div class='ocr_carea' id='block_1_3' title="bbox 150 3345 2415 3588">
    <p class='ocr_par' dir='ltr' id='par_1_5' title="bbox 150 3345 2415 3588">
     <span class='ocr_line' id='line_1_35' title="bbox 253 3345 2023 3411; baseline 0.002 -20"><span class='ocrx_word' id='word_1_342' title='bbox 253 3345 322 3407; x_wconf 81' lang='lat'>¹³)</span> <span class='ocrx_word' id='word_1_343' title='bbox 371 3347 424 3392; x_wconf 92' lang='grc' dir='ltr'>ΙΙ.</span> <span class='ocrx_word' id='word_1_344' title='bbox 461 3347 571 3392; x_wconf 90' lang='lat' dir='ltr'>Tim.</span> <span class='ocrx_word' id='word_1_345' title='bbox 606 3347 679 3392; x_wconf 88' lang='grc' dir='ltr'>ΠΙ.</span> <span class='ocrx_word' id='word_1_346' title='bbox 718 3347 792 3394; x_wconf 90' lang='lat'>15.</span> <span class='ocrx_word' id='word_1_347' title='bbox 862 3389 865 3392; x_wconf 81' lang='grc'><em>,</em></span> <span class='ocrx_word' id='word_1_348' title='bbox 1424 3350 1494 3411; x_wconf 79' lang='lat'>¹⁵)</span> <span class='ocrx_word' id='word_1_349' title='bbox 1536 3351 1646 3396; x_wconf 90' lang='lat' dir='ltr'>Ibid.</span> <span class='ocrx_word' id='word_1_350' title='bbox 1688 3364 1761 3396; x_wconf 87' lang='lat' dir='ltr'>vv.</span> <span class='ocrx_word' id='word_1_351' title='bbox 1801 3350 2023 3396; x_wconf 78' lang='lat'><strong>16—17.</strong></span> 
     </span>
     <span class='ocr_line' id='line_1_36' title="bbox 254 3428 1933 3512; baseline 0.003 -33"><span class='ocrx_word' id='word_1_352' title='bbox 254 3433 323 3495; x_wconf 80' lang='lat'>¹⁴)</span> <span class='ocrx_word' id='word_1_353' title='bbox 389 3431 629 3512; x_wconf 69' lang='lat' dir='ltr'>Zoqn&#39;oat,</span> <span class='ocrx_word' id='word_1_354' title='bbox 689 3438 813 3496; x_wconf 91' lang='lat' dir='ltr'>quasi</span> <span class='ocrx_word' id='word_1_355' title='bbox 868 3428 1087 3498; x_wconf 86' lang='grc' dir='ltr'><em>ὁδηγῆσαι</em></span> <span class='ocrx_word' id='word_1_356' title='bbox 1109 3472 1122 3493; x_wconf 93' lang='grc'><em>,</em></span> <span class='ocrx_word' id='word_1_357' title='bbox 1175 3440 1238 3484; x_wconf 92' lang='lat' dir='ltr'>uti</span> <span class='ocrx_word' id='word_1_358' title='bbox 1426 3437 1495 3499; x_wconf 82' lang='lat'>¹⁶)</span> <span class='ocrx_word' id='word_1_359' title='bbox 1549 3438 1603 3483; x_wconf 94' lang='lat' dir='ltr'>II.</span> <span class='ocrx_word' id='word_1_360' title='bbox 1638 3439 1750 3485; x_wconf 91' lang='lat' dir='ltr'>Petr.</span> <span class='ocrx_word' id='word_1_361' title='bbox 1785 3439 1818 3484; x_wconf 92' lang='lat'>1.</span> <span class='ocrx_word' id='word_1_362' title='bbox 1855 3438 1933 3484; x_wconf 83' lang='lat'>21.</span> 
     </span>
     <span class='ocr_line' id='line_1_37' title="bbox 150 3519 2415 3588; baseline 0.001 -17"><span class='ocrx_word' id='word_1_363' title='bbox 150 3525 345 3571; x_wconf 85' lang='lat' dir='ltr'>subiecta</span> <span class='ocrx_word' id='word_1_364' title='bbox 379 3525 582 3569; x_wconf 87' lang='lat' dir='ltr'>materies</span> <span class='ocrx_word' id='word_1_365' title='bbox 615 3526 823 3584; x_wconf 88' lang='lat' dir='ltr'>postulat,</span> <span class='ocrx_word' id='word_1_366' title='bbox 861 3526 1065 3584; x_wconf 87' lang='lat' dir='ltr'>analogia</span> <span class='ocrx_word' id='word_1_367' title='bbox 1098 3527 1239 3585; x_wconf 83' lang='lat' dir='ltr'>exigit</span> <span class='ocrx_word' id='word_1_368' title='bbox 1426 3527 1494 3588; x_wconf 85' lang='lat'>¹⁷)</span> <span class='ocrx_word' id='word_1_369' title='bbox 1547 3527 1684 3573; x_wconf 88' lang='lat' dir='ltr'>Erunt</span> <span class='ocrx_word' id='word_1_370' title='bbox 1715 3529 1787 3587; x_wconf 93' lang='lat' dir='ltr'>qui</span> <span class='ocrx_word' id='word_1_371' title='bbox 1812 3529 2073 3588; x_wconf 86' lang='lat' dir='ltr'>existiment,</span> <span class='ocrx_word' id='word_1_372' title='bbox 2108 3519 2415 3581; x_wconf 79' lang='grc' dir='ltr'><em>θεόπνευστος</em></span> 
     </span>
    </p>
   </div>
   <div class='ocr_carea' id='block_1_4' title="bbox 150 3612 2414 4113">
    <p class='ocr_par' dir='ltr' id='par_1_6' title="bbox 150 3612 2414 4113">
     <span class='ocr_line' id='line_1_38' title="bbox 150 3612 2411 3676; baseline 0.001 -17"><span class='ocrx_word' id='word_1_373' title='bbox 150 3613 374 3659; x_wconf 90' lang='lat' dir='ltr'>doctrinae</span> <span class='ocrx_word' id='word_1_374' title='bbox 410 3612 691 3671; x_wconf 89' lang='lat' dir='ltr'>apostolicae,</span> <span class='ocrx_word' id='word_1_375' title='bbox 729 3626 780 3656; x_wconf 89' lang='lat' dir='ltr'>ac</span> <span class='ocrx_word' id='word_1_376' title='bbox 813 3615 1027 3659; x_wconf 88' lang='lat' dir='ltr'>sententia</span> <span class='ocrx_word' id='word_1_377' title='bbox 1061 3628 1238 3673; x_wconf 91' lang='lat' dir='ltr'>prorsus</span> <span class='ocrx_word' id='word_1_378' title='bbox 1319 3614 1564 3661; x_wconf 81' lang='lat' dir='ltr'>subiectum</span> <span class='ocrx_word' id='word_1_379' title='bbox 1597 3629 1709 3676; x_wconf 90' lang='lat' dir='ltr'>esse,</span> <span class='ocrx_word' id='word_1_380' title='bbox 1744 3621 1791 3660; x_wconf 92' lang='lat' dir='ltr'>ut</span> <span class='ocrx_word' id='word_1_381' title='bbox 1822 3616 1982 3672; x_wconf 89' lang='lat' dir='ltr'>logicis</span> <span class='ocrx_word' id='word_1_382' title='bbox 2018 3629 2113 3660; x_wconf 89' lang='lat' dir='ltr'>mos</span> <span class='ocrx_word' id='word_1_383' title='bbox 2149 3622 2218 3661; x_wconf 89' lang='lat' dir='ltr'>est</span> <span class='ocrx_word' id='word_1_384' title='bbox 2251 3617 2411 3675; x_wconf 89' lang='lat' dir='ltr'>dicere,</span> 
     </span>
     <span class='ocr_line' id='line_1_39' title="bbox 152 3697 2414 3764; baseline 0.001 -18"><span class='ocrx_word' id='word_1_385' title='bbox 152 3702 325 3759; x_wconf 89' lang='lat' dir='ltr'>gemina</span> <span class='ocrx_word' id='word_1_386' title='bbox 363 3699 418 3744; x_wconf 90' lang='lat' dir='ltr'>ad</span> <span class='ocrx_word' id='word_1_387' title='bbox 452 3697 542 3743; x_wconf 85' lang='lat' dir='ltr'>Gal.</span> <span class='ocrx_word' id='word_1_388' title='bbox 575 3698 648 3744; x_wconf 89' lang='lat'>111.</span> <span class='ocrx_word' id='word_1_389' title='bbox 685 3699 762 3744; x_wconf 81' lang='lat'>24.</span> <span class='ocrx_word' id='word_1_390' title='bbox 799 3713 919 3760; x_wconf 89' lang='lat' dir='ltr'>seqq.</span> <span class='ocrx_word' id='word_1_391' title='bbox 956 3703 1169 3764; x_wconf 90' lang='lat' dir='ltr'>ostendit,</span> <span class='ocrx_word' id='word_1_392' title='bbox 1214 3719 1238 3749; x_wconf 87' lang='lat' dir='ltr'>e</span> <span class='ocrx_word' id='word_1_393' title='bbox 1321 3716 1407 3748; x_wconf 91' lang='lat' dir='ltr'>non</span> <span class='ocrx_word' id='word_1_394' title='bbox 1452 3710 1593 3748; x_wconf 90' lang='lat' dir='ltr'>autem</span> <span class='ocrx_word' id='word_1_395' title='bbox 1622 3703 1961 3763; x_wconf 74' lang='lat' dir='ltr'>praeda&#39;catum,</span> <span class='ocrx_word' id='word_1_396' title='bbox 2006 3710 2133 3763; x_wconf 89' lang='lat' dir='ltr'>atque</span> <span class='ocrx_word' id='word_1_397' title='bbox 2169 3705 2280 3750; x_wconf 91' lang='lat' dir='ltr'>adeo</span> <span class='ocrx_word' id='word_1_398' title='bbox 2317 3719 2414 3750; x_wconf 90' lang='lat' dir='ltr'>ver-</span> 
     </span>
     <span class='ocr_line' id='line_1_40' title="bbox 154 3783 2411 3847; baseline 0.003 -15"><span class='ocrx_word' id='word_1_399' title='bbox 154 3802 234 3847; x_wconf 89' lang='lat' dir='ltr'>qua</span> <span class='ocrx_word' id='word_1_400' title='bbox 270 3786 572 3846; x_wconf 81' lang='lat' dir='ltr'>intelligimus,</span> <span class='ocrx_word' id='word_1_401' title='bbox 606 3787 816 3833; x_wconf 89' lang='lat' dir='ltr'>librorum</span> <span class='ocrx_word' id='word_1_402' title='bbox 850 3793 1013 3836; x_wconf 89' lang='lat' dir='ltr'>veteris</span> <span class='ocrx_word' id='word_1_403' title='bbox 1048 3792 1238 3836; x_wconf 83' lang='lat' dir='ltr'>foederis</span> <span class='ocrx_word' id='word_1_404' title='bbox 1320 3791 1421 3836; x_wconf 92' lang='lat' dir='ltr'>bum</span> <span class='ocrx_word' id='word_1_405' title='bbox 1466 3790 1557 3837; x_wconf 79' lang='grc' dir='ltr'><em>ἐστὶ</em></span> <span class='ocrx_word' id='word_1_406' title='bbox 1602 3795 1712 3837; x_wconf 90' lang='lat' dir='ltr'>inter</span> <span class='ocrx_word' id='word_1_407' title='bbox 1744 3783 2050 3845; x_wconf 79' lang='grc' dir='ltr'><em>θεόπνευστος</em></span> <span class='ocrx_word' id='word_1_408' title='bbox 2091 3799 2135 3838; x_wconf 92' lang='lat' dir='ltr'>et</span> <span class='ocrx_word' id='word_1_409' title='bbox 2168 3792 2242 3837; x_wconf 78' lang='grc' dir='ltr'>καὶ</span> <span class='ocrx_word' id='word_1_410' title='bbox 2278 3794 2411 3838; x_wconf 90' lang='lat' dir='ltr'>inseri</span> 
     </span>
     <span class='ocr_line' id='line_1_41' title="bbox 151 3873 2409 3946; baseline 0.003 -27"><span class='ocrx_word' id='word_1_411' title='bbox 151 3876 262 3920; x_wconf 90' lang='lat' dir='ltr'>hanc</span> <span class='ocrx_word' id='word_1_412' title='bbox 295 3887 393 3919; x_wconf 90' lang='lat' dir='ltr'>esse</span> <span class='ocrx_word' id='word_1_413' title='bbox 426 3873 737 3931; x_wconf 84' lang='lat' dir='ltr'>proprietatem</span> <span class='ocrx_word' id='word_1_414' title='bbox 773 3889 824 3920; x_wconf 91' lang='lat' dir='ltr'>ac</span> <span class='ocrx_word' id='word_1_415' title='bbox 856 3877 992 3922; x_wconf 84' lang='lat' dir='ltr'>ferme</span> <span class='ocrx_word' id='word_1_416' title='bbox 1025 3885 1236 3939; x_wconf 90' lang='lat' dir='ltr'>naturam,</span> <span class='ocrx_word' id='word_1_417' title='bbox 1321 3880 1516 3946; x_wconf 68' lang='lat' dir='ltr'>debere.¹</span> <span class='ocrx_word' id='word_1_418' title='bbox 1564 3879 1634 3925; x_wconf 89' lang='lat' dir='ltr'>Ab</span> <span class='ocrx_word' id='word_1_419' title='bbox 1658 3881 1725 3925; x_wconf 93' lang='lat' dir='ltr'>his</span> <span class='ocrx_word' id='word_1_420' title='bbox 1755 3893 1842 3937; x_wconf 89' lang='lat' dir='ltr'>ego</span> <span class='ocrx_word' id='word_1_421' title='bbox 1863 3893 1950 3925; x_wconf 91' lang='lat' dir='ltr'>non</span> <span class='ocrx_word' id='word_1_422' title='bbox 1975 3882 2116 3926; x_wconf 91' lang='lat' dir='ltr'>acrius</span> <span class='ocrx_word' id='word_1_423' title='bbox 2137 3881 2409 3939; x_wconf 89' lang='lat' dir='ltr'>dissentiam,</span> 
     </span>
     <span class='ocr_line' id='line_1_42' title="bbox 154 3962 2410 4029; baseline 0.002 -23"><span class='ocrx_word' id='word_1_424' title='bbox 154 3967 202 4008; x_wconf 87' lang='lat' dir='ltr'>ut</span> <span class='ocrx_word' id='word_1_425' title='bbox 245 3963 362 4007; x_wconf 89' lang='lat' dir='ltr'>viam</span> <span class='ocrx_word' id='word_1_426' title='bbox 408 3962 739 4018; x_wconf 87' lang='lat' dir='ltr'>consequendae</span> <span class='ocrx_word' id='word_1_427' title='bbox 791 3964 944 4012; x_wconf 87' lang='lat' dir='ltr'>salutis</span> <span class='ocrx_word' id='word_1_428' title='bbox 986 3981 1065 4026; x_wconf 88' lang='lat' dir='ltr'>per</span> <span class='ocrx_word' id='word_1_429' title='bbox 1110 3968 1235 4012; x_wconf 84' lang='lat' dir='ltr'>fidem</span> <span class='ocrx_word' id='word_1_430' title='bbox 1317 3969 1572 4027; x_wconf 88' lang='lat' dir='ltr'>praesertim</span> <span class='ocrx_word' id='word_1_431' title='bbox 1597 3982 1724 4027; x_wconf 92' lang='lat' dir='ltr'>quum</span> <span class='ocrx_word' id='word_1_432' title='bbox 1745 3968 1895 4029; x_wconf 81' lang='lat' dir='ltr'>SyruS,</span> <span class='ocrx_word' id='word_1_433' title='bbox 1922 3969 2152 4027; x_wconf 84' lang='lat' dir='ltr'>VulgatuS,</span> <span class='ocrx_word' id='word_1_434' title='bbox 2176 3969 2410 4025; x_wconf 89' lang='lat' dir='ltr'>Patresque</span> 
     </span>
     <span class='ocr_line' id='line_1_43' title="bbox 154 4047 2406 4113; baseline 0.002 -19"><span class='ocrx_word' id='word_1_435' title='bbox 154 4049 198 4094; x_wconf 89' lang='lat' dir='ltr'>in</span> <span class='ocrx_word' id='word_1_436' title='bbox 224 4047 395 4095; x_wconf 88' lang='lat' dir='ltr'>Christo</span> <span class='ocrx_word' id='word_1_437' title='bbox 431 4048 646 4097; x_wconf 86' lang='lat' dir='ltr'>edoceant</span> <span class='ocrx_word' id='word_1_438' title='bbox 680 4056 807 4112; x_wconf 84' lang='lat' dir='ltr'>atque</span> <span class='ocrx_word' id='word_1_439' title='bbox 839 4061 1201 4113; x_wconf 87' lang='lat' dir='ltr'>praemonstrent.</span> <span class='ocrx_word' id='word_1_440' title='bbox 1316 4056 1429 4104; x_wconf 85' lang='lat' dir='ltr'>bene</span> <span class='ocrx_word' id='word_1_441' title='bbox 1460 4056 1583 4104; x_wconf 89' lang='lat' dir='ltr'>multi</span> <span class='ocrx_word' id='word_1_442' title='bbox 1612 4056 1728 4104; x_wconf 86' lang='lat' dir='ltr'>haud</span> <span class='ocrx_word' id='word_1_443' title='bbox 1758 4057 1886 4104; x_wconf 86' lang='lat' dir='ltr'>aliter</span> <span class='ocrx_word' id='word_1_444' title='bbox 1919 4058 2142 4104; x_wconf 85' lang='lat' dir='ltr'>censuisse</span> <span class='ocrx_word' id='word_1_445' title='bbox 2165 4055 2406 4101; x_wconf 87' lang='lat' dir='ltr'>videantur.</span> 
     </span>
    </p>
   </div>
  </div>
 </body>
</html>
