2574 4276
1029 141 1271 204 CAPUT
1340 145 1463 203 Vll.
1571 197 1573 199 ,
2290 144 2393 194 473

97 287 337 356 „Michael
360 289 430 315 ¹⁰⁶
490 293 538 339 et
585 286 748 354 angeli
806 285 911 337 eius
967 285 1248 354 pugnabant
1294 291 1465 336 contra
1512 284 1804 350 draconem,
1860 288 1909 335 et
1950 281 2099 335 draco
2152 281 2397 349 pugnabat

99 388 149 432 et
172 380 335 447 angeli
371 380 492 445 eiuS,
530 379 619 430 καὶ
649 377 744 430 οὐκ
775 375 1043 441 ἰ’σχυσεν.“
1114 377 1210 427 Cur
1246 373 1531 427 enimvero?
1567 376 1681 428 ideo
1706 391 1770 427 ne
1794 382 2008 440 tantum,
2044 373 2173 441 quod
2206 373 2397 424 illorum

99 477 298 523 conatus
323 471 372 520 in
396 471 580 521 irritum
606 466 879 520 cesserint?
914 468 1063 518 immo
1100 483 1251 519 sensu
1286 468 1435 518 multo
1470 468 1718 534 pleniore,
1755 469 1823 518 uti
1857 482 1974 518 mox
2008 464 2232 517 effertur:
2271 462 2397 515 οὐδὲ

95 563 250 623 τόπος
302 560 500 628 εὑρέθη
536 559 679 628 αύτῷ
701 561 767 586 ¹⁰⁷
811 559 883 609 ἔτι
917 562 973 609 ἐν
1006 559 1081 626 τῷ
1121 555 1343 627 οὐρανῷ,
1379 575 1540 624 neque
1575 557 1717 609 locus
1755 564 1864 611 cius
1901 563 2138 608 inventus
2172 563 2250 608 est
2287 572 2395 607 am·

93 652 232 719 plius
279 659 332 703 in
367 651 524 704 caelo.

277 744 439 805 Quare
472 744 530 808 si,
564 743 632 793 uti
668 741 828 805 decet,
866 738 1154 806 significatio
1191 739 1412 795 mediata
1449 740 1509 791 ab
1543 740 1862 807 immediata,
1910 747 1961 791 et
1995 759 2028 791 a
2059 745 2399 808 qrammatica

87 834 259 887 walis
293 839 592 898 secernatur,
629 831 939 899 perspicuum
975 830 1083 894 erit,
1120 828 1375 896 formulae,
1410 830 1499 881 καὶ
1532 828 1690 883 πύλαι
1725 829 1863 899 ᾅδου
1901 830 1964 883 οὐ
1999 829 2402 895 κατισχύσουσιν

99 924 273 990 αὐτῆς,
309 924 436 975 hanc
460 924 626 975 inesse
650 927 956 989 potestatem,
997 920 1084 971 καὶ
1118 918 1275 972 πύλαι
1301 916 1439 987 ᾅδου
1464 918 1528 972 οὐ
1554 920 1860 984 δυνήσονται
1893 921 2178 985 ὑποστῆναι
2210 921 2370 985 αὐτήν
2386 944 2401 972 .·

57 1058 59 1060 ,
98 1031 256 1083 eaque
294 1014 562 1075 ecclesiam,
595 1013 816 1077 exhiberi
849 1026 998 1077 super
1032 1009 1228 1062 Petrum
1263 1017 1360 1062 tam
1395 1011 1552 1063 valide
1589 1013 1916 1078 aedificatam,
1962 1014 2187 1081 illiusque
2220 1015 2401 1066 robore

100 1106 458 1172 communitam,
495 1111 670 1156 utnon
694 1104 852 1155 solum
875 1102 1049 1166 timere
1075 1101 1168 1153 sibi
1206 1102 1266 1153 ab
1302 1102 1521 1154 hostibus
1558 1118 1658 1154 non
1694 1104 1885 1171 debeat,
1921 1105 2011 1156 sed
2048 1107 2199 1172 possit
2233 1113 2403 1158 contra

102 1214 159 1249 ac
198 1198 345 1248 etiam
372 1196 548 1248 debeat
573 1195 823 1246 victoriam
863 1192 971 1258 sibi,
1012 1192 1417 1260 splendidumque
1457 1194 1517 1245 de
1549 1195 1612 1246 iis
1633 1196 1928 1262 triumphum
1952 1196 2190 1263 polliceri.
2262 1192 2404 1258 Quod

101 1287 384 1339 Alexander
419 1285 762 1338 alexandrinus
787 1286 858 1311 ¹⁰⁸
896 1285 946 1334 in
979 1284 1182 1351 epistola
1223 1284 1284 1335 ad
1320 1283 1607 1351 ὁμώνυμον
1639 1285 1974 1338 Alexandrum
2010 1289 2405 1355 constantinopo-

102 1379 302 1430 litanum
360 1377 600 1444 expressit
646 1376 722 1427 his
756 1375 966 1427 verbisz.
999 1374 1151 1426 Μίαν
1199 1375 1288 1426 καὶ
1333 1376 1495 1443 μόνην
1539 1375 1860 1441 καθολικήν,
1923 1374 2014 1442 τήν
2056 1374 2405 1442 αποστολικήν

103 1469 378 1535 ἐκκλησίαν
425 1467 857 1536 (ὁμολογοῦμεν),
907 1465 1276 1533 οὶκαθαίρὲτον
1331 1466 1430 1533 μὲν
1485 1464 1599 1530 obet,
1650 1461 1752 1520 κᾶν
1796 1471 1905 1531 πᾶς
1957 1471 1986 1521 ὁ
2031 1467 2246 1537 κόσμος
2270 1468 2405 1538 αὐτῇ

104 1560 352 1627 πολεμεῖν
381 1557 717 1628 βουλεύηται,
771 1559 1058 1627 νικηφόρον
1104 1555 1166 1609 δὲ
1202 1554 1369 1620 πάσης
1415 1559 1504 1620 τῆς
1540 1558 1644 1611 τῶν
1695 1560 2012 1628 ἑτεροδόξων
2058 1559 2404 1629 ασεβεστοὲτης

103 1649 520 1711 ἐπαναστάσεως.
594 1647 760 1701 Unam·
791 1656 839 1701 et
873 1649 1031 1711 solam
1067 1648 1354 1701 catholicam
1399 1651 1717 1716 apostolicam
1755 1652 2017 1704 ecclesiam
2053 1653 2404 1717 (confitemur),

103 1739 551 1811 inexpuqnabilem
574 1727 787 1807 semper,
825 1742 915 1792 etsi
939 1747 1066 1792 totus
1092 1757 1201 1793 eam
1226 1741 1432 1793 mundus
1471 1757 1756 1810 oppugnare
1793 1744 2020 1809 instituat,
2057 1749 2410 1809 victricemque

73 1817 76 1820 Δ
106 1840 268 1886 omnis
303 1833 479 1901 impiae
517 1832 711 1884 diversa
744 1832 1058 1884 sentientium
1093 1827 1434 1884 rebellidnisf‘

108 2042 234 2090 reor,
278 2028 396 2088 quod
438 2028 551 2072 sicut
564 1964 690 2071 0illic
723 2025 945 2085 seraphim
981 2031 1028 2072 et
1060 2027 1217 2072 cheru-
1300 2031 1370 2072 est
1415 2026 1821 2087 parvipendendum
1866 2027 1983 2085 quod
2017 2031 2063 2072 et
2093 2027 2231 2074 Deum
2276 2028 2410 2073 habet

107 2118 198 2163 bim
234 2123 280 2162 et
313 2117 450 2162 ceteri
495 2115 654 2174 quique
688 2127 827 2174 usque
862 2114 918 2159 ad
953 2114 1137 2172 angelos
1173 2120 1219 2160 et
1301 2120 1550 2172 auctorem,
1587 2120 1631 2161 et
1664 2115 1720 2161 de
1753 2116 1878 2161 caelo
1914 2115 2038 2161 ducit
2071 2115 2342 2175 originem.“

109 2205 399 2263 archangelos
458 2204 731 2249 ordinantur
782 2202 864 2248 sub
915 2216 1007 2249 uno
1067 2204 1219 2263 capite
1408 2203 1508 2264 ¹⁰⁶)
1543 2203 1686 2264 Apoc.
1721 2203 1817 2249 XII.
1856 2203 2019 2249 7—8.

110 2294 238 2351 Deo3
295 2293 356 2338 ita
401 2293 503 2339 heic
550 2305 723 2351 quoque
773 2290 854 2337 sub
902 2304 996 2337 uno
1046 2305 1219 2337 summo
1410 2292 1509 2357 ¹⁰⁷)
1543 2291 1616 2337 Al.
1647 2283 1812 2347 αὐτῶν,
1847 2277 1974 2350 quam
1999 2293 2235 2338 lectionem
2260 2290 2409 2336 Gries-

104 2383 326 2442 pontifice
358 2381 567 2441 primates
614 2380 685 2425 vel
729 2380 1031 2440 patriarchae,
1078 2380 1222 2425 archi·
1303 2381 1486 2426 bachius
1522 2381 1704 2440 recepit.

114 2471 331 2531 episcopi,
367 2469 592 2529 episcopi,
627 2467 878 2527 presbyteri
913 2469 984 2514 vel
1019 2468 1219 2530 abbates,
1410 2469 1508 2528 ¹⁰⁸)
1545 2468 1675 2527 Apud
1712 2468 2049 2529 Theodoritum,
2096 2468 2148 2513 H.
2182 2467 2234 2513 E.
2270 2468 2347 2513 lib.
2375 2467 2406 2512 1.

114 2563 159 2603 et
181 2557 337 2616 reliqui
362 2557 406 2603 in
428 2556 543 2602 hunc
577 2557 757 2602 modum
792 2557 1062 2603 ordinantur.
1124 2558 1220 2603 Non
1303 2571 1400 2618 cap.
1424 2557 1499 2603 lv.
1537 2556 1590 2603 al.
1615 2556 1688 2602 111.
