2574 4276
1021 138 1278 192 ‘CAPUT
1346 139 1387 187 Ι.
2300 134 2369 182 37

63 288 420 356 conspiratione
448 286 634 354 prodit,
670 285 735 335 ita
771 282 937 348 ultimi,
974 281 1285 348 supremique
1323 279 1484 330 iudicii
1518 277 1641 327 ratio
1681 280 1728 324 et
1762 272 1960 323 firmitas
1996 286 2095 322 non
2132 287 2161 322 e
2197 272 2363 338 singu-

59 383 116 434 lis
149 393 373 433 seorsum
405 377 620 443 indiciis,
671 376 760 427 sed
804 392 867 426 ex
914 388 1085 424 eorum
1135 371 1459 423 consensione
1499 374 1644 434 atque
1681 380 1870 418 summa
1906 363 2151 415 aestimari
2185 362 2367 413 debent

484 456 630 519 *Inde
671 482 791 518 vero
830 464 1185 516 consectarium
1224 463 1347 527 fluit,
1398 459 1528 526 quod
1565 459 1683 508 citra
1718 455 1957 524 piaculum
2004 454 2261 520 praeteriri
2295 453 2361 503 si-

2167 543 2364 597 Scilicet

58 479 103 524 at
138 488 201 523 ue
239 471 441 522 desumi.

54 489 201 614 lelltio
250 577 350 612 non
395 567 581 628 potest,
634 558 860 625 quodque
906 566 1004 623 ego
1047 560 1308 621 propterea
1363 548 1807 615 δακτυλοδείκτως
1852 546 2091 597 indicabo.

55 655 315 705 usuvenire
363 658 549 720 potest,
602 656 650 700 et
695 654 879 713 suapte
924 653 1117 698 natura
1166 644 1334 710 debet,
1382 628 1434 693 ut
1470 642 1563 692 alia
1597 642 1659 693 sit
1690 640 1836 704 ratic,
1882 644 1946 703 et·
1966 637 2058 689 alia
2094 638 2362 707 constantia

57 746 216 796 iudicii
252 745 382 811 quod
418 743 635 793 ultimum
670 738 941 805 profertur,
991 752 1136 804 quam
1173 736 1295 786 ratio
1332 741 1380 784 et
1410 737 1591 784 'eorum
1626 730 1913 787 iudiciorum
1956 729 2181 794 firmitaS,
2235 732 2360 794 quae

53 837 212 888 media
250 843 360 887 sunt
397 837 445 886 et
480 834 747 886 interiecta.
821 829 950 880 Illius
983 827 1113 878 enim
1150 826 1236 875 vis
1261 841 1290 875 e
1318 830 1693 887 momentorum,
1732 821 2124 888 iudiciorumque
2155 834 2359 883 summa,

52 929 226 978 horum
263 941 382 977 vero
420 941 449 976 e
485 923 688 991 singulis
727 921 997 988 quibusque
1034 917 1310 981 momentis,
1349 915 1654 998 singulisque
1679 913 1868 963 divisim
1894 912 2108 978 partibus
2134 910 2358 962 dimanat.

52 1019 325 1070 Discrimen
359 1029 512 1083 erg0,
549 1028 647 1080 quo
684 1026 872 1063 summa
908 1025 937 1059 a
973 1006 1188 1075 partibus
1227 1007 1394 1072 distat,
1440 994 1681 1067 rationem
1717 1019 1913 1070 quoque
1954 1009 2002 1053 et
2039 988 2360 1054 constantiam

55 1111 215 1161 iudicii
248 1108 400 1159 ultimi
435 1105 495 1157 ab
533 1121 592 1155 ea
630 1118 754 1168 quae
792 1099 989 1164 mediis,
1027 1099 1394 1165 interiectisque
1431 1098 1685 1164 convenit,
1724 1095 1891 1146 dividit
1926 1109 1985 1144 ac
2020 1094 2247 1144 secernit.

230 1203 275 1249 7.
349 1196 490 1257 Quod
536 1194 732 1262 quidem
779 1194 828 1243 in
877 1190 1084 1241 arbitriis
1131 1189 1399 1240 forensium
1458 1189 1670 1240 iudicum
1719 1184 2103 1238 luculentissime
2151 1190 2363 1249 apparet.

52 1290 312 1356 Fingamus
351 1281 482 1339 enim
515 1286 643 1337 hanc
679 1298 883 1335 caussae
917 1283 1135 1350 speciem
1172 1283 1222 1332 in
1256 1281 1389 1332 litem
1428 1281 1626 1331 venire:
1660 1284 1820 1330 utrum
1855 1262 2187 1328 nobilissimus
2223 1282 2361 1341 pater

52 1379 254 1430 familias
294 1378 354 1429 ab
392 1378 575 1446 aliquot
617 1377 712 1428 iam
750 1375 887 1426 annis
925 1375 1023 1424 vita
1058 1373 1249 1424 functus
1286 1372 1520 1436 voluerit,
1557 1377 1609 1421 ut
1644 1369 1930 1436 superstites
1965 1361 2049 1418 filii
2085 1383 2150 1418 ex
2185 1382 2359 1433 aequ0,

53 1471 132 1521 vel
175 1469 492 1537 inaequaliter
535 1466 694 1535 potius
741 1465 1042 1517 haereditate
1076 1466 1360 1532 potirentur.
1434 1463 1570 1523 Quae
1607 1468 1749 1513 erunt
1781 1460 1952 1511 iudicis
1989 1458 2177 1524 officia,
2231 1475 2357 1524 quae

49 1568 211 1629 partes
261 1567 313 1612 ut
366 1561 653 1612 sententiam
705 1559 832 1609 dicat
883 1558 944 1608 ad
994 1557 1240 1608 testatoris
1290 1555 1587 1606 voluntatem
1636 1549 1964 1620 expressam?
2014 1558 2359 1603 testamentum

51 1656 205 1719 ipsum
232 1653 595 1703 accuratissime
619 1652 768 1718 leget,
809 1649 1076 1715 codicillos,
1110 1650 1150 1700 si
1188 1649 1268 1715 qui
1300 1647 1426 1698 forte
1463 1646 1640 1697 adiecti
1671 1645 1865 1710 fuerint,
1905 1644 2169 1711 diligenter
2201 1644 2350 1711 inspi-

55 1746 174 1811 ciet,
214 1744 488 1794 communia
524 1749 756 1810 seponet3
789 1743 984 1809 propria
1014 1756 1124 1792 cum
1150 1756 1374 1793 seorsum
1397 1739 1631 1791 distinctis
1666 1754 1761 1789 nec
1784 1737 1891 1788 fixis
1929 1737 2128 1787 omnino
2153 1736 2357 1809 iudiciiS,

51 1842 150 1886 tum
199 1834 341 1887 simul
389 1834 664 1886 decretorio
709 1834 919 1900 quodam
964 1839 1169 1898 ratoque
1215 1833 1393 1883 iudicio
1444 1829 1743 1896 aestimabit,
1793 1829 2198 1895 sententiamque
2206 1828 2357 1895 feret,

51 1942 193 1994 quam
232 1926 452 1977 distincta
486 1914 831 1993 praecedentia
866 1924 1040 1975 iudicia
1077 1924 1502 1990 praeparaverint,
1551 1922 1641 1973 sed
1687 1921 1929 1987 ultimum,
1979 1933 2359 1987 supremumque

51 2018 371 2084 praeceperit.
1341 2069 1343 2071 ,
2253 1995 2256 1998 ’

225 2107 302 2158 Ab
338 2107 432 2158 hac
464 2112 626 2158 autem
663 2123 807 2174 quam
838 2108 1062 2159 finximus
1101 2109 1468 2159 controversiae
1493 2096 1677 2178 specie,
1717 2106 1809 2157 etsi
1832 2105 2091 2172 plurimum
2126 2109 2357 2169 materia,

49 2198 226 2268 forma
270 2205 435 2249 tamen
471 2198 554 2247 vix
591 2213 648 2248 ea
686 2198 871 2265 differt,
917 2215 1061 2266 quam
1114 2200 1469 2267 expediendam
1507 2199 1839 2270 aggredimur.
1911 2198 1966 2248 In
1999 2203 2205 2263 utraque
2241 2210 2358 2247 con-

51 2291 198 2341 tentio
251 2295 326 2340 est
374 2288 435 2339 de
488 2288 731 2341 voluntate
789 2292 1034 2342 testatoris
1063 2293 1135 2342 ¹²:
1190 2293 1239 2342 in
1289 2298 1495 2358 utraque
1550 2290 1611 2342 de
1660 2289 1999 2342 distributione
2045 2281 2359 2341 haereditatis

55 2380 244 2446 aequali
284 2380 363 2430 vel
409 2380 678 2445 inaequali:
733 2383 781 2431 in
824 2388 1029 2448 utraque
1073 2383 1134 2434 de
1168 2376 1548 2449 'interpretandis
1589 2382 1945 2448 instrumentis,
1994 2374 2119 2448 quae
2154 2386 2355 2431 testato-

53 2472 120 2521 ris
157 2471 519 2536 dispositionem
555 2473 822 2523 continent:
873 2489 931 2523 ac
965 2476 1015 2523 in
1058 2480 1265 2540 utraque
1309 2474 1379 2524 de·
1414 2450 1614 2539 iudiciO,
1664 2473 1793 2540 quod
1831 2473 1891 2524 ad
1926 2474 2356 2535 instrumentorum

54 2577 273 2612 normam
317 2560 378 2611 de
424 2562 623 2613 decreto
668 2565 887 2616 testantis
935 2564 1282 2631 proferendum
1332 2572 1419 2616 est.
1458 2622 1462 2626 y
1492 2566 1597 2616 Una
1627 2548 1759 2632 ‘ergo
1797 2581 1855 2616 ac
1896 2565 2069 2633 eadem
2108 2570 2182 2616 est
2216 2557 2356 2629 rati0,

55 2653 364 2719 conditioque
401 2656 696 2721 sententiae,
738 2671 831 2721 qua
865 2662 1070 2723 utraque
1108 2671 1282 2708 caussa
1319 2657 1508 2708 definiri
1545 2657 1704 2708 debet.
1779 2656 1875 2710 Sed
1918 2671 2169 2721 caussam,
2211 2670 2355 2720 quam

54 2747 102 2796 in
139 2746 413 2812 exemplum
456 2747 826 2812 assumpsimUS,
871 2749 1065 2800 nonnisi
1103 2765 1131 2800 e
1168 2736 1403 2815 summa,
1433 2748 1819 2814 iudiciorumque
1853 2749 2067 2799 omnium
2106 2747 2354 2813 conspira-

53 2838 183 2887 tione
220 2837 367 2888 iudex
403 2837 601 2913 dirimit,
644 2844 692 2888 et
728 2838 1000 2907 arbitrium,
1040 2840 1170 2906 quod
1208 2841 1268 2891 de
1309 2856 1368 2891 ea
1410 2839 1606 2890 tandem
1643 2839 1850 2905 profert,
1896 2839 2118 2890 firmitate
2153 2844 2204 2888 et*
2237 2852 2353 2887 con-

0 2998 1 3010 *
51 2927 221 2978 stantia
258 2927 316 2977 ab
354 2928 411 2978 iis
448 2928 768 2996 distfllguitur,
807 2945 931 2996 quae
969 2930 1161 2998 singula
1194 2931 1504 2998 perpendens
1542 2946 1746 2982 caussae
1778 2938 2024 2982 momenta
2057 2929 2353 2981 adhaesione

0 3013 1 3023 ’
54 3019 198 3068 animi
244 3033 331 3084 pro
378 3019 569 3070 illorum
606 3022 867 3087 varietate,
917 3023 1090 3073 maiori
1126 3023 1363 3074 minorive
1398 3022 1661 3073 identidem
1696 3004 2046 3090 pronunciavit.
2118 3021 2252 3088 Ergo
2293 3019 2354 3070 de

54 3123 112 3158 ea
147 3109 261 3158 item
299 3125 484 3177 caussa,
525 3127 618 3178 qua
654 3113 914 3179 quaeritur,
954 3114 1068 3180 quid
1105 3114 1302 3165 tandem
1340 3115 1555 3165 sanxerit
1591 3114 1832 3166 Christus:
1869 3131 1931 3166 an
1965 3121 2018 3165 ut
2051 3113 2256 3196 apostoli
2293 3129 2355 3163 ex

55 3213 211 3265 aequo
250 3213 417 3252 omnes
465 3204 710 3254 missionis
744 3203 868 3255 illius
907 3211 955 3255 et
991 3206 1287 3257 auctoritatis
1329 3206 1587 3273 participes
1625 3213 1816 3272 essent,
1873 3222 1966 3272 qua
2003 3207 2108 3272 ipse
2142 3201 2353 3266 instituit,

57 3294 105 3338 et
152 3285 251 3340 'suis
297 3292 442 3344 veluti
478 3294 724 3345 occlusam
762 3295 1028 3347 seminibus
1065 3296 1327 3348 ecclesiam
1377 3298 1690 3364 gubernavit:
1742 3298 1823 3348 vel
1870 3304 2062 3362 contra,
2110 3303 2160 3347 ut
2211 3311 2351 3361 unuS,

54 3381 191 3445 isque
230 3380 394 3434 Simon
439 3385 608 3438 Petrus
645 3387 847 3453 reliquis
890 3387 1112 3438 omnibus
1151 3390 1434 3439 auctoritate
1471 3389 1823 3456 praecelleret,
1870 3390 2063 3440 nonnisi
2101 3404 2129 3438 e
2166 3402 2354 3438 summa

162 3537 231 3598 ¹²)
274 3538 353 3584 Est
387 3545 529 3588 tamen
562 3545 679 3603 quod
716 3545 971 3590 advertatur
1005 3545 1160 3590 discri-

54 3639 152 3670 men
186 3639 273 3671 non
309 3628 478 3672 minimi
520 3634 754 3694 momenti,
802 3639 847 3678 et
881 3648 905 3678 e
940 3635 1157 3679 varietate

50 3713 291 3758 tabularum
326 3717 622 3773 repetendum.
693 3722 973 3767 Testamenta
1016 3724 1154 3781 enim,

53 3813 163 3859 quae
209 3803 473 3863 conduntur,
523 3817 578 3849 eo
620 3821 700 3865 per
741 3822 790 3853 se
837 3815 1061 3869 spectant,
1110 3815 1158 3855 ut

51 3890 276 3934 testatoris
320 3884 615 3936 voluntatem*⁴
633 3897 793 3956 certis,
841 3899 1034 3957 ratisque
1069 3899 1158 3943 for·
1195 3910 1197 3913 ’

53 3975 178 4050 ¹nullis
212 3977 450 4024 declarent.
504 3979 564 4025 At
597 3994 704 4026 vero
739 3984 1023 4033 instrumenta
1060 3986 1158 4030 hib-

39 4058 210 4130 ,tiorum
244 4079 384 4126 neque
409 4082 460 4113 ea
498 4074 641 4115 mente
676 4072 926 4135 conscripta
962 4080 1074 4134 sunt,
1112 4081 1158 4122 ut

1242 3548 1388 3592 omnia
1425 3548 1587 3595 Christi
1630 3549 1817 3594 consilia
1866 3549 2162 3607 explicentur:
2195 3557 2354 3606 ‘neque

1241 3636 1298 3679 iis
1346 3637 1547 3683 formulis
1594 3643 1825 3698 constant,
1879 3651 1989 3695 quae
2035 3637 2136 3693 lege
2171 3640 2217 3680 et
2251 3648 2356 3680 con-

1240 3725 1473 3770 suetudine
1523 3726 1638 3771 fixae
1684 3726 1798 3771 trahi
1843 3726 1887 3770 in
1935 3725 2126 3769 alienum

1239 3824 1326 3857 non
1360 3815 1548 3871 possint.
1617 3814 1752 3858 Multo
1790 3818 1860 3858 est
1893 3813 2028 3870 igitur
2061 3813 2246 3871 gravior
2275 3797 2353 3857 ne-

1240 3902 1426 3947 cessitas
1473 3903 1533 3946 ita
1580 3901 1753 3958 singula
1801 3915 1998 3959 quaeque
2050 3901 2350 3961 expendendi,

1240 3994 1287 4033 ut
1322 4003 1374 4034 ne
1412 4003 1525 4052 apex
1562 3989 1735 4048 quidem
1771 3990 2000 4047 neglectus
2035 3989 2252 4037 videatur.

2174 3738 2352 3769 Sensum
2433 3743 2435 3746 ⁴
