2574 4276
1051 94 1292 151 CAPUT
1367 96 1434 146 11.
2330 97 2399 145 39

966 402 1357 479 CAPUT
1442 400 1522 478 ΙΙ.

634 565 786 618 Ratio
823 569 1134 631 quaestionis
1170 570 1356 616 iterum
1385 568 1689 629 eoeponitur:
1725 592 1792 599 --
1829 562 2045 611 decretis
2072 557 2400 610 conciliorum

453 664 501 708 et
551 655 638 707 Pii
695 655 784 708 VI.
844 655 1187 708 declaratione
1240 653 1563 706 illustratur.-
1610 684 1679 691 —
1727 657 1954 718 opposita
2008 656 2402 716 protestantium

454 749 708 800 doctrina:
739 780 807 786 —
842 752 926 798 cui
948 743 1022 797 M.
1043 741 1307 795 Antonius
1333 745 1395 796 de
1419 743 1654 795 Dominis
1674 749 2058 809 patrocinatur.-
2082 773 2149 780 -—-
2179 758 2402 792 censura

440 839 722 910 famtltatis
769 836 1095 906 sorbonicae:
1130 865 1198 874 -—
1235 840 1528 886 testimonia
1559 851 1656 899 pro
1691 840 1907 886 veritate
1945 832 2220 895 catholica,
2269 850 2402 899 quae

450 938 504 983 in
539 927 815 999 evanqeliis
852 925 1128 978 habentur:
1168 952 1236 962 —
1273 942 1335 975 ac
1370 922 1505 975 illud
1537 927 1796 989 inprimis,
1834 941 1930 988 quo
1951 923 2162 990 factum
2202 922 2400 976 Simoni

454 1019 653 1086 Cephae
700 1013 903 1081 nomen,
949 1034 1011 1068 ac
1059 1014 1201 1066 illius
1239 1014 1516 1080 eat-plicatio
1553 1019 1864 1066 continetur.-
1901 1045 1967 1053 ——
2004 1021 2082 1065 vis
2129 1021 2403 1068 testimonii

451 1110 758 1176 ezr-penditur
791 1115 839 1160 et
875 1105 1230 1175 ccmfirmatur.

280 1342 324 1387 9.
401 1287 731 1403 Quamquam
769 1337 960 1388 videam
996 1336 1046 1387 id
1082 1352 1112 1387 e
1150 1333 1518 1403 repetitionibus
1557 1332 1824 1399 consequi,
1877 1338 1929 1383 ut
1966 1331 2231 1384 lectoribus
2269 1334 2401 1387 fasti-

98 1429 227 1479 dium
264 1433 482 1494 creetur3
520 1442 666 1494 spero
700 1434 863 1479 tamen
897 1427 1033 1495 fore,
1071 1443 1136 1479 ne
1173 1429 1223 1478 in
1260 1427 1503 1478 sinistram
1539 1431 1727 1492 partem
1764 1423 2042 1490 accipiatur,
2080 1426 2123 1476 si
2159 1440 2255 1492 quo
2290 1426 2402 1477 bre-

99 1520 204 1571 vius
251 1526 451 1588 potero,
500 1519 622 1585 vim,
670 1520 1009 1585 rationemque
1060 1518 1357 1586 quaestionis
1403 1519 1579 1568 iterum
1630 1517 1958 1583 exposuerim.
2030 1515 2226 1568 Maximi
2274 1519 2412 1579 enim

96 1611 270 1677 refert,
318 1616 372 1661 ut
417 1610 578 1661 animo
616 1615 895 1660 constanter
931 1609 1247 1675 obversetur,
1298 1614 1347 1659 et
1393 1607 1547 1674 qualis
1595 1622 1655 1658 ea
1690 1608 1776 1673 sit,
1827 1608 2191 1660 accuratissime
2228 1610 2403 1661 intelli—

97 1710 251 1771 gatur.
322 1702 427 1754 Huc
461 1702 624 1767 itaque
659 1701 785 1751 redit
823 1701 953 1766 quod
987 1702 1300 1767 inquirimus:
1350 1705 1543 1766 „utrum
1588 1715 1654 1750 ex
1685 1699 1927 1765 inspiratis
1965 1699 2189 1752 divinitus
2226 1702 2403 1753 instru-

97 1795 306 1846 mentis¹
364 1799 567 1859 constet,
606 1792 853 1846 Simonem
877 1793 1025 1843 filium
1064 1791 1327 1856 Johannis,
1367 1796 1511 1857 atque
1546 1805 1696 1841 unum
1734 1808 1762 1842 e
1801 1791 2088 1854 duodecim,
2125 1791 2190 1842 ita
2227 1793 2405 1845 ceteris

96 1886 246 1937 fuisse
282 1901 311 1936 a
337 1885 526 1937 Christo
553 1885 899 1951 praehabitum,
937 1890 989 1935 ut
1021 1884 1214 1936 illorum
1241 1888 1382 1950 caput
1406 1888 1455 1933 et
1479 1882 1764 1932 auctoritate
1789 1881 2059 1948 principem
2094 1882 2401 1952 institue1·it.“

97 1976 278 2036 Quibus
314 1977 556 2028 sinceram
593 1976 961 2027 controversiae
995 1976 1235 2026 rationem
1283 1974 1541 2040 explicari,
1593 1989 1756 2040 neque
1805 1972 2055 2025 catholicis
2093 1990 2273 2042 anceps
2311 1977 2399 2042 est,

93 2083 254 2134 neque
289 2073 615 2134 protestantes
650 2067 935 2132 inficiantur,
974 2065 1116 2117 adeo-
1136 2072 1188 2116 ut
1223 2072 1386 2132 partes
1425 2066 1486 2117 de
1527 2082 1586 2116 ea
1616 2065 1936 2131 consentiant,
1975 2081 2266 2132 quamquam
2303 2083 2402 2119 non

94 2159 288 2211 diversa
325 2158 506 2224 solum,
543 2158 633 2209 sed
668 2164 832 2208 mutuo
869 2158 1132 2223 pugnantia
1168 2163 1367 2208 teneant
1404 2163 1549 2223 atque
1587 2163 1827 2208 tueantur.

276 2254 354 2301 10.
430 2248 558 2302 Sane
607 2250 668 2300 de
713 2248 1062 2300 catholicorum
1098 2249 1338 2300 sententia
1374 2250 1634 2315 perspicue
1671 2264 1735 2298 ex
1770 2249 1828 2299 iis
1865 2248 2038 2315 liquet,
2090 2263 2217 2314 quae
2254 2264 2403 2301 oecu-

99 2341 289 2392 menica
337 2340 542 2392 concilia
585 2340 936 2406 decreverunt,
987 2356 1016 2390 e
1065 2339 1239 2406 quibus
1287 2339 1597 2392 lateranense
1633 2339 1711 2391 IV.
1756 2338 1972 2390 habitum
2008 2355 2135 2391 anno
2171 2340 2401 2408 MCCXV,

97 2432 402 2499 lugdunense
439 2432 494 2483 ΙΙ.
532 2431 828 2483 celebratum
865 2445 992 2481 anno
1028 2430 1362 2497 MCC-LXXIV,
1407 2437 1454 2482 et
1489 2431 1815 2498 florentinum,
1855 2447 1950 2498 quo
1988 2432 2114 2483 inter
2149 2439 2403 2501 utramque

98 2523 385 2589 ecclesiam,
434 2523 630 2574 latinam
665 2529 714 2573 et
748 2537 1005 2589 graecam,
1055 2536 1182 2572 anno
1215 2521 1563 2577 MCDXXXIX.
1602 2539 1697 2590 pax
1731 2524 1846 2574 inita
1881 2523 1995 2590 fuit,
2043 2531 2091 2575 et
2126 2526 2283 2577 unitas
2319 2542 2399 2577 re-

96 2615 280 2679 stituta,
330 2615 380 2664 in
426 2613 554 2665 hanc
598 2613 712 2664 fidei
753 2613 1111 2680 professionem
1134 2616 1149 2638 ²
1216 2614 1517 2681 conspirant:
1585 2615 1813 2682 „beatum
1858 2616 2052 2667 Petrum
2102 2617 2401 2669 credendum

94 2720 207 2756 esse
243 2705 571 2772 apostolorum
610 2706 903 2772 principem,
952 2721 1123 2756 verum
1161 2704 1336 2756 Christi
1373 2706 1632 2773 vicarium,
1680 2707 1922 2758 ecclesiae
1960 2709 2105 2759 totius
2138 2715 2302 2776 caput,
2354 2717 2403 2761 et

95 2795 465 2848 christianorum
510 2785 725 2847 omnium
770 2802 957 2864 patrem
1006 2802 1054 2847 et
1092 2796 1371 2863 doct-orem,
1426 2798 1507 2863 qui
1543 2813 1572 2848 a
1606 2796 1815 2848 Domino
1851 2786 2020 2850 nostro
2055 2799 2400 2869 JesulChristo

94 2887 285 2953 plenam
317 2888 598 2955 regendae,
636 2888 1085 2954 gubernandaeque
1120 2887 1411 2938 universalis
1447 2888 1691 2940 ecclesiae
1728 2896 2018 2957 potestatem
2053 2893 2349 2958 acceperit.“

272 2978 426 3037 Quam
458 2985 510 3030 ut
545 2979 654 3030 Pius
692 2995 753 3030 eo
791 2980 989 3029 nomine
1026 2984 1195 3030 sextus
1231 2979 1501 3045 integram,
1539 2980 1916 3047 inviolatamque
1953 2988 2267 3049 protegeret,
2314 2997 2401 3049 pu-

97 3066 234 3116 blicis
286 3067 455 3120 litteris
510 3070 746 3122 adversus
799 3070 1053 3138 Eybelium
1092 3070 1213 3121 datis
1249 3071 1266 3096 ⁸
1326 3069 1619 3121 declaravit:
1692 3071 1886 3138 „Super
1939 3073 2179 3125 soliditate
2232 3081 2401 3141 petrae

99 3155 338 3209 fundatam
376 3176 402 3210 a
442 3160 631 3212 Christo
669 3161 957 3227 ecclesiam,
1006 3161 1299 3227 Petrumque
1337 3161 1572 3228 singulari
1610 3162 1785 3214 Christi
1822 3180 2027 3216 munere
2067 3181 2185 3232 prae
2223 3166 2401 3216 ceteris

99 3245 330 3315 electum,
368 3253 449 3316 qui
485 3253 666 3303 vicaria
701 3258 941 3318 pot-estate
980 3252 1232 3319 apostolici
1270 3252 1407 3303 chori
1443 3255 1670 3320 princeps
1708 3256 1956 3321 existeret,
1993 3258 2237 3324 totiusque
2276 3255 2399 3307 adeo

208 3411 249 3470 ¹)
299 3411 461 3466 Quibus
499 3415 648 3461 verbis
683 3415 998 3474 probationum
1032 3414 1200 3474 sedem,
1286 3422 1431 3462 mente
1478 3417 1620 3478 dicta,
1669 3425 1885 3478 gestaque
1930 3421 2102 3466 fuerant
2142 3421 2185 3464 in
2221 3420 2398 3478 synodo

98 3497 328 3557 locumque
363 3501 774 3563 circumscribimus,
812 3508 856 3547 et
891 3508 1097 3562 quantum
1132 3514 1204 3546 sa·
1285 3503 1651 3566 chalcedonensi,
1706 3520 1819 3552 anno
1857 3507 2005 3568 CDLI,
2057 3513 2100 3552 et
2145 3509 2188 3552 in
2235 3515 2395 3555 octava

96 3585 151 3628 tis
188 3590 257 3629 est
299 3585 592 3651 declaramus,
640 3590 974 3636 controversiae
1017 3590 1203 3634 solutio·
1284 3593 1513 3654 generali,
1551 3606 1667 3639 anno
1701 3594 1997 3641 DCCCLXIX.

95 3685 193 3716 nem
246 3686 269 3716 e
321 3673 481 3718 divinis
532 3680 657 3723 unice
710 3679 867 3724 litteris
918 3678 1199 3737 repetendam
1389 3682 1434 3742 ³)
1486 3680 1663 3740 Eybelii
1714 3683 1825 3727 liber
1875 3682 2222 3744 inscribebatur,
2276 3685 2399 3742 Quid

95 3771 208 3803 esse.
1284 3775 1351 3814 est
1383 3768 1549 3829 Papa?
1592 3784 1754 3828 graece
1789 3783 1923 3830 vern,
1982 3770 2039 3816 Τί
2073 3771 2192 3818 ἐστιν
2226 3764 2251 3818 ὁ
2287 3765 2395 3817 Πά-

197 3846 242 3906 2)
297 3846 368 3891 Ad
403 3848 512 3892 haec
550 3850 645 3908 ipsa
689 3853 975 3898 conciliorum
1021 3852 1197 3898 decreta
1282 3869 1407 3911 πας;
1474 3857 1598 3902 Illum
1644 3858 1744 3902 Pius
1791 3859 2021 3904 damnavit
2070 3860 2232 3921 editis,
2286 3875 2393 3919 quas

92 3940 309 3991 provocat
342 3935 441 3980 Pius
466 3935 540 3980 VI.
577 3938 621 3982 in
651 3939 806 4000 Brevi,
851 3941 1000 4000 Super
1030 3941 1197 3987 solidi·
1282 3943 1556 3989 laudavimus
1591 3944 1770 4006 litteriS,
1807 3947 1956 4007 Super
1988 3948 2239 4006 soliditate,
2278 3961 2392 3994 anno

94 4025 209 4080 tate,
245 4022 403 4082 quibus
437 4025 680 4083 praemittit
702 4040 813 4087 quae
838 4030 992 4076 eadem
1019 4030 1199 4075 omnino
1283 4030 1666 4079 MDCCLXXXVI.
