2574 4276
973 125 1213 184 CAPUT
1285 125 1461 183 XVII.
2270 128 2362 178 161

70 278 260 328 Petrum
294 275 562 340 pertinent,
607 273 838 339 illumque
884 263 1084 338 reliquis
1129 272 1451 337 antepositum
1500 268 1787 335 significant.
1862 264 1994 318 Sicut
2027 262 2277 317 Johannes
2325 269 2374 318 in

68 365 338 418 referendis
382 363 556 415 Christi
602 364 844 415 miraculis
890 379 949 414 ea
994 363 1304 429 persequitur
1351 361 1635 427 diligenter,
1684 373 1808 424 quae
1854 356 1980 407 edita
2015 356 2075 406 ab
2114 372 2175 407 eo
2223 357 2373 409 fuisse

67 456 300 522 probant,
349 462 400 506 ut
445 470 582 506 suam
624 457 730 522 ipse
778 455 1088 517 missionem,
1135 454 1444 517 divinamque
1484 467 1511 501 e
1547 450 1686 500 Patre
1724 449 1964 515 originem
2011 447 2372 515 manifestaret,

67 548 130 597 ita
168 547 323 598 Lucas
361 548 687 597 narrationem
719 546 791 596 sic
829 544 1014 610 dirigit,
1059 549 1114 593 ut
1149 543 1391 594 ecclesiae
1439 541 1724 608 primordia,
1773 540 2112 602 accessioneS,
2162 541 2373 589 auctori-

64 642 310 703 tatemque
349 637 476 688 Petri
514 636 759 688 miraculis
794 634 1052 686 tribuenda
1089 649 1201 684 esse
1240 633 1554 683 demonstret.
2146 627 2155 630 ⁴

242 742 659 802 Quemadmodum
694 741 841 807 igitur
876 737 1121 804 evangelii
1145 737 1381 805 Johannis
1413 737 1558 787 lectio
1588 736 2088 787 accommodatissima
2126 741 2370 799 censet-ur,

64 838 117 882 ut
165 834 270 898 quis
305 835 511 899 primum
561 832 752 897 credat,
802 830 1131 881 narrationem
1169 827 1429 891 dictorum,
1490 828 1841 893 signorumque
1879 826 2063 884 ⁸Christi
2103 834 2268 891 primo
2315 843 2372 878 ac

62 941 154 987 per
189 942 246 974 se
296 912 649 992 evangelistae¹
678 923 828 973 fuisse
871 918 1196 987 propositam,
1243 917 1543 982 reliquorum
1581 931 1700 967 vero
1745 917 1807 966 ad
1843 916 2103 982 discipulos
2149 923 2371 983 spectan-

65 1016 183 1065 tium
230 1017 432 1067 nonnisi'
470 1012 543 1075 ὥς
587 1018 642 1065 ἐν
686 1010 927 1079 παρόδῳ,
974 1010 1192 1060 alterove
1238 1009 1420 1076 gradu:
1474 1008 1649 1059 deinde
1685 1021 1816 1069 vero
1854 1013 1905 1057 ut
1938 1007 2029 1057 sibi
2063 1010 2370 1076 persuadeat,

66 1106 116 1156 in
150 1107 209 1157 iis
258 1122 384 1172 quae
420 1106 595 1156 Christi
637 1106 829 1172 propria
873 1107 984 1153 sunt
1024 1099 1312 1166 colligendis
1358 1105 1542 1149 tantum
1580 1104 1838 1165 propterea
1878 1098 2040 1162 operis
2077 1101 2372 1165 impendisse

66 1196 362 1262 Johannem,
415 1196 544 1262 quod
583 1191 823 1246 Christum
858 1192 1072 1242 omnium
1114 1196 1256 1256 caput
1291 1189 1675 1240 demonstratum
1721 1188 1893 1254 vellet,
1945 1190 2148 1255 eiusque
2185 1197 2372 1258 tempo-

0 1274 1 1291 ³
62 1288 239 1337 rariam
289 1303 317 1338 e
363 1287 503 1337 Patre
558 1287 868 1349 missionem,
914 1283 1356 1348 sempiternamque
1403 1283 1643 1348 originem
1678 1279 1994 1347 patefactam,
2039 1281 2103 1330 ita
2139 1271 2373 1333 Actorum

65 1377 209 1428 lectio
260 1394 386 1444 quae
434 1378 595 1428 animo
644 1393 671 1427 a
705 1375 1014 1442 praeiudiciis
1047 1388 1203 1424 vacuo
1240 1373 1532 1438 instituatur,
1585 1351 1862 1438 comparata
1898 1373 1970 1422 sic
2008 1379 2104 1438 est,
2142 1379 2194 1423 ut
2228 1374 2371 1425 fidem

67 1467 338 1520 luculenter
374 1468 541 1520 faciat:
578 1469 611 1518 Ι.
649 1468 855 1532 Lucam,
895 1480 1042 1531 quum
1084 1464 1210 1515 dicta
1250 1469 1489 1530 gestaque
1527 1470 1805 1514 ceterorum
1844 1462 2174 1530 apostolorum
2209 1466 2257 1514 in
2294 1481 2373 1515 se-

68 1559 238 1610 cundis
275 1557 518 1625 habuerit,
553 1576 649 1623 per
683 1577 741 1609 se
778 1574 836 1609 ac
866 1561 1189 1622 potissimum
1228 1555 1289 1605 ad
1326 1570 1384 1605 ea
1419 1555 1724 1620 respexisse,
1756 1570 1880 1621 quae
1916 1555 1978 1606 ad
2013 1555 2206 1605 Petrum
2242 1556 2372 1607 refe-

66 1650 325 1700 rebantur:
365 1650 490 1701 haec
526 1657 686 1701 autem
723 1650 778 1701 ΙΙ.
809 1664 867 1699 ea
901 1663 1017 1698 cura
1043 1646 1213 1699 litteris
1239 1649 1578 1714 consignasse,
1615 1654 1667 1698 ut
1694 1646 1870 1714 fugere
1906 1648 2154 1698 neminem
2190 1654 2373 1714 posset,

65 1740 259 1790 Petrum
308 1755 407 1791 non
455 1741 606 1794 fuisse
650 1743 779 1792 inter
823 1739 1068 1807 apostolos
1118 1739 1265 1790 veluti
1301 1754 1448 1788 unum
1486 1754 1514 1788 e
1552 1738 1779 1805 reliquis,
1828 1739 1917 1789 sed
1955 1738 2047 1790 illis
2082 1738 2370 1805 praefuisse,

67 1837 114 1880 et
150 1837 398 1882 versatum
434 1847 534 1882 non
568 1832 707 1883 aliter
743 1848 852 1883 cum
889 1833 946 1884 iis
989 1847 1102 1884 esse
1140 1847 1198 1882 ac
1235 1830 1451 1882 Christus
1492 1845 1601 1880 cum
1634 1830 1823 1896 iisdem,
1862 1846 2009 1897 quum
2049 1829 2205 1880 adhuc
2241 1845 2371 1881 mor-

64 1920 210 1971 talem
248 1922 455 1988 degeret
490 1923 662 1988 vitam,
695 1931 992 1975 versaretur.
1105 1930 1108 1932 ’

246 2032 362 2077 200.
436 2028 571 2087 Quae
608 2028 868 2079 similitudo
905 2028 1082 2095 duplici
1116 2035 1373 2096 praeterea
1413 2045 1476 2079 ex
1513 2030 1667 2094 capite
1716 2033 1765 2078 et
1799 2027 2024 2078 illustrari
2059 2027 2273 2094 plenius,
2325 2032 2373 2076 et

71 2116 274 2183 expoliri
318 2118 615 2170 enucleatius
664 2126 838 2186 potest.
914 2119 964 2173 Si
1012 2121 1138 2170 enim
1178 2136 1301 2186 quae
1338 2120 1495 2171 Lucas
1542 2124 1702 2170 narrat
1736 2118 1863 2168 Pet-ri
1902 2119 2131 2170 miracula
2169 2135 2277 2169 cum
2314 2120 2371 2169 iis

66 2215 430 2275 componantur,
471 2226 594 2276 quae
632 2211 694 2262 de
721 2211 895 2262 Christi
930 2211 1175 2263 miraculis
1213 2211 1546 2278 evangelistae
1583 2209 1814 2275 scribunt,
1853 2210 1913 2260 ad
1949 2226 2097 2260 unum
2137 2225 2370 2276 expressa

68 2302 232 2364 typum
272 2314 371 2369 non
402 2302 656 2352 immerito
701 2288 1002 2353 videbuntur.
1076 2303 1203 2356 Sane
1251 2302 1380 2369 quod
1426 2303 1590 2368 priore
1635 2302 1746 2351 loco
1773 2302 1818 2327 ‘²⁹
1859 2301 1919 2351 de
1955 2301 2097 2353 Petro
2144 2302 2368 2368 refertur,

69 2389 359 2440 simillimum
408 2388 474 2440 illi
519 2399 593 2442 est
639 2394 767 2459 quod
812 2394 872 2445 de
918 2395 1106 2447 Christo
1151 2393 1399 2446 Johannes
1423 2395 1470 2419 ³⁰
1501 2392 1763 2468 describit:
1815 2408 1941 2458 quae
1989 2408 2108 2442 vero
2158 2408 2370 2458 sequun-

69 2485 147 2529 tur
169 2482 212 2506 ³¹
257 2480 376 2545 duc,
414 2482 473 2531 ab
511 2484 567 2532 iis
606 2485 685 2533 vix
722 2484 996 2551 discrepant
1032 2502 1156 2552 quae
1190 2487 1316 2536 inter
1350 2486 1700 2551 praestantiora
1740 2484 1911 2535 Christi
1947 2485 2089 2551 signa
2111 2486 2156 2509 Μ
2195 2501 2370 2535 recen-

69 2577 252 2621 sentur.
328 2571 467 2631 Quod
503 2580 551 2623 ut
587 2577 806 2640 usurpari
830 2578 1178 2643 propemodum
1206 2577 1358 2628 oculis
1387 2578 1555 2643 possit,
1593 2578 1732 2627 unius
1759 2576 2019 2627 alteriusve
2045 2577 2371 2628 narrationem

74 2676 102 2711 e
138 2661 346 2728 regione
385 2663 651 2714 collocabo

137 2766 244 2817 Joh.
284 2767 338 2817 V.
379 2773 580 2819 5—10.
642 2763 752 2820 Ἠν
777 2769 839 2822 δέ
854 2790 930 2834 τις
956 2770 1175 2839 ἄνθρω-

70 2874 168 2918 πος
197 2861 317 2919 ἐκεῖ,
354 2855 632 2930 τριάκοντα
656 2858 792 2910 (ἷκτο)
821 2863 903 2926 ἔτη
941 2865 1085 2927 ἔχων
1121 2869 1176 2915 ὲν

70 2948 130 3015 τῇ
163 2945 434 3016 ἀσθενείᾳ.
516 2948 721 3001 Τοῦτον
758 2947 890 3004 ἰδών
925 2955 954 3005 ὁ
977 2953 1177 3018 Ἰησοῦς

74 3040 578 3105 κατακείμενονημ,
627 3042 761 3108 λέγει
795 3041 964 3113 αὐτῷ·
1003 3044 1178 3105 θέλεις

72 3125 219 3194 ὑγιής
271 3131 554 3195 γενέσθαις
622 3131 891 3199 ἀπεκρίθη
955 3134 1097 3203 αὐτῷ
1151 3137 1178 3186 ὁ

72 3216 350 3272 datvm-fiv-
387 3221 542 3288 κύριε,
577 3220 877 3290 ἄνθρωπον
914 3223 1010 3277 οὐκ
1048 3227 1178 3289 ἔχω,

73 3307 185 3369 ἵνα,
240 3308 363 3361 ὅταν
406 3313 662 3383 ταραχθῇ
708 3314 765 3365 τὸ
814 3313 988 3383 ὕδωρ,
1047 3314 1180 3385 βάλῃ

73 3418 139 3466 με
191 3402 264 3459 εἰς
309 3395 398 3472 τὴν
446 3405 859 3473 κολυμβήθραν·
920 3411 976 3458 ἐν
1025 3401 1070 3475 ᾦ
1121 3406 1180 3458 δὲ

76 3492 302 3558 ἔρχομαι
336 3493 468 3559 ἐγώ,
520 3491 679 3558 ἄλλος
725 3496 826 3563 πρὸ
861 3501 990 3564 ἐμοῦ
1025 3516 1181 3551 κατα-

73 3580 252 3649 βαίνει.
301 3583 463 3650 Λέγει
497 3585 636 3657 αὐτῷ
660 3590 688 3640 ό
712 3588 938 3652 Ἰησοῦς·
970 3591 1180 3657 ἕγειραι,

76 3663 210 3739 ἆρον
259 3670 348 3724 τὸν
395 3674 692 3744 κράββατόν
732 3695 858 3743 σου,
905 3682 994 3733 καὶ
1018 3719 1022 3725 f
1043 3700 1183 3750 περι-

178 3866 252 3927 22)
287 3867 388 3912 Act.
424 3869 499 3914 111.
537 3870 702 3918 6-9,
729 3928 745 3941 ,

178 3953 252 4015 ³⁰)
287 3955 389 4000 Joh.
426 3957 479 4002 v.
520 3958 718 4005 6-10.

177 4041 251 4102 ³¹)
288 4043 388 4090 Αοι.
423 4044 497 4090 lx.
534 4046 780 4110 33—-35,
817 4049 1048 4096 37--42.

159 4142 365 4189 Munigua,
392 4150 684 4183 commentarius.

1299 2772 1435 2834 ⁸Act.
1475 2773 1551 2823 Ill.
1592 2778 1756 2823 2—8.
1828 2768 1949 2824 I<cci
1979 2792 2056 2834 τις
2085 2771 2218 2838 α’νὴρ
2259 2793 2367 2837 χω-

1260 2862 1349 2924 λὸς
1377 2868 1434 2914 ὲκ
1461 2863 1660 2924 κοιλίας
1685 2862 1875 2932 μητρὸς
1900 2863 2065 2917 αὑτοῦ
2090 2864 2367 2930 ὑπάρχων,

1260 2953 1586 3022 ἐβαστάζετο.
1627 2994 1812 3006 ......
1862 2952 1951 3016 Ὃς
1989 2950 2121 3008 ἰδών
2156 2957 2371 3022 Πέτρον

1262 3030 1351 3097 καὶ
1375 3044 1617 3108 Ἰωάννην
1644 3045 1925 3112 μέλλοντας
1963 3051 2167 3109 ‹sig-tevai
2203 3052 2276 3109 εἰς
2315 3048 2370 3099 τὸ

1264 3137 1428 3201 ἱερόν,
1465 3135 1644 3202 ἠρώτα
1679 3138 2036 3206 ἐλεημοσύνην.
2107 3138 2370 3200 Ἀτᾰνίσας

1266 3227 1323 3278 δὲ
1350 3226 1562 3309 ,Πέτρος
1599 3232 1673 3290 εἰς
1709 3228 1870 3281 αὐτὸν
1904 3226 2001 3281 σύν
2034 3233 2111 3298 τῷ
2136 3229 2370 3298 Ἰωάννῃ,

1265 3314 1402 3369 εἶπε·
1449 3318 1651 3388 βλέψον
1685 3323 1760 3380 εἰς
1794 3319 1957 3387 ἡμᾶς.
1999 3323 2026 3371 ὁ
2066 3320 2124 3371 δὲ
2161 3325 2372 3384 ἐπιῖχεν

1263 3407 1441 3471 αὐτοῖς
1461 3448 1477 3472 ,
1538 3410 1848 3477 προςδοκῶν
1899 3431 1946 3463 τι
2010 3413 2136 3475 παρ’
2179 3410 2373 3464 αὐτῶν

1263 3498 1456 3567 λαβεῖν.
1530 3498 1670 3553 Εἶπε
1717 3502 1775 3555 δὲ
1819 3503 2063 3568 Πέτρος·
2120 3502 2373 3571 ἀργύριον

1265 3591 1354 3642 καὶ
1399 3592 1621 3659 χρυσίον
1659 3591 1757 3644 οὐκ
1803 3591 2035 3659 ὑπάρχει
2079 3612 2194 3661 μοι·
2239 3592 2276 3647 ὃ
2313 3595 2372 3647 δὲ

1263 3682 1399 3746 ἔχω,
1439 3684 1590 3756 τοῦτό
1614 3698 1702 3736 σοι
1725 3683 1943 3752 δίδωμι·
1981 3688 2037 3737 ἐν
2065 3688 2136 3754 τῷ
2159 3689 2371 3755 ὀνόματι

1370 3877 1445 3938 ³²)
1481 3878 1634 3923 Matth.
1657 3877 1731 3923 IX.
1758 3879 1910 3938 6-7,
1947 3879 2080 3924 Marc.
2105 3880 2158 3924 ΙΙ.
2184 3878 2368 3939 3—13,

1266 3965 1321 4011 V.
1359 3965 1605 4027 41—43,
1640 3965 1741 4011 Luc.
1776 3967 1833 4012 V.
1873 3958 2102 4013 18-'26.

1948 4142 2018 4203 11
