2574 4276
152 87 254 143 530
977 85 1198 143 LIBER
1268 87 1662 147 sucUNDUs

153 250 263 285 cum
301 235 434 285 omni
467 232 765 300 competenti
798 231 1065 283 devotione
1102 231 1398 300 defendere,
1445 240 1494 285 ec
1531 235 1832 303 diynitatem
1865 243 2107 304 propriae
2143 245 2493 292 venerationis

150 325 297 377 beato
335 325 479 376 Petro
512 323 734 391 apostolo
774 323 1145 390 intemeratam,
1211 330 1260 376 et
1305 325 1355 375 in
1402 327 1585 377 nostris
1636 326 1783 377 etiam
1819 330 2120 396 temporibus
2154 347 2489 384 conservare:

152 423 405 482 quatenus
462 414 775 466 beatissimus
829 428 1066 465 romanae
1114 415 1320 468 civitatis
1370 418 1634 484 episcopus
1696 420 1887 484 (utpote
1930 418 2059 472 Petri
2105 423 2155 474 in
2203 426 2490 476 auctoritate

152 511 467 573 successor),
507 507 587 557 cui
617 510 969 571 principatum
1006 506 1287 557 sacerdotii
1322 525 1481 573 super
1516 525 1690 559 omnes
1732 511 1992 577 antiquitas
2036 514 2264 582 contulit,
2326 515 2490 567 locum

150 600 328 652 habeat
365 605 414 650 et
449 597 729 649 facultatem
772 597 834 648 de
863 596 975 664 fide
1012 605 1062 649 et
1095 597 1457 651 sacerdotibus
1530 600 1800 652 iudicare.“

328 690 619 742 Posterioris
656 705 780 741 vero
818 696 991 741 auctor
1027 696 1102 741 est
1137 689 1404 758 Damasus,
1466 693 1550 758 qui
1598 692 1862 744 orientales
1913 694 2173 761 episcopos
2220 695 2271 747 in
2317 696 2491 750 litteris

150 783 210 835 ad
238 797 326 834 eos
353 782 493 849 datis,
533 783 598 834 ita
621 785 690 809 ¹¹⁷
732 783 940 849 primum
975 780 1173 833 affatur:
1211 783 1389 850 „Quod
1427 783 1640 835 debitam
1677 784 1980 851 apostolicae
2017 785 2126 838 sedi
2159 789 2492 840 reverentiam

150 874 348 926 exhibet
385 877 560 926 caritas
597 880 786 940 vestra,
848 875 899 925 in
951 889 1013 925 eo
1062 875 1204 926 vobis
1250 876 1368 943 ipsis
1416 875 1674 943 plurimum
1712 878 2000 943 praestatiS,
2054 876 2161 945 filii
2198 879 2492 932 carissimi.“

150 968 273 1018 Tum
310 982 411 1019 non
450 968 558 1019 sine
594 966 740 1018 laude
778 965 1051 1018 modestiae
1089 967 1277 1019 subdit:
1337 967 1475 1035 „Etsi
1510 969 1641 1019 enim
1679 969 1728 1019 in
1777 975 1947 1020 sancta
1993 969 2236 1038 ecclesia,
2297 972 2348 1023 in
2398 986 2494 1038 qua

150 1066 348 1112 sanctus
403 1058 654 1127 apostolus
708 1058 894 1111 sedens
944 1059 1134 1124 docuit,
1196 1059 1343 1112 decet
1406 1075 1500 1112 nos
1548 1066 1828 1126 praecipue
1880 1061 2244 1126 quodammodo
2288 1061 2494 1115 clavum.

149 1158 347 1219 tenere,
411 1167 560 1218 quem
596 1151 877 1219 regendum
922 1153 1258 1220 suscepimuS,
1320 1158 1487 1204 tamen
1536 1152 1633 1204 hoc
1681 1152 1872 1204 honore
1920 1152 2184 1207 inferiores
2230 1170 2323 1207 nos
2378 1169 2492 1207 esse

147 1244 483 1311 profitemur.“
535 1242 654 1295 Puto
678 1250 842 1296 autem
868 1245 1118 1296 neminem
1146 1244 1272 1295 adeo
1297 1260 1589 1311 perversum
1614 1245 1826 1296 futurum
1853 1231 2172 1313 interpretem
2198 1248 2281 1314 qui
2304 1246 2492 1299 inficias

147 1338 220 1388 ire
257 1338 404 1403 ausit,
466 1335 547 1388 vel
582 1336 778 1404 plenam
827 1337 967 1389 hisce
1004 1337 1136 1388 Petri
1185 1339 1524 1389 auctoritatem
1573 1337 1798 1404 ostendi,
1862 1337 1943 1389 vel
1989 1354 2099 1390 eam
2151 1345 2202 1390 ut
2257 1340 2492 1391 consortii

151 1435 421 1496 expertem,
461 1444 520 1480 ac
556 1429 675 1480 nulli
710 1436 970 1496 praeterea
1007 1445 1301 1482 concessam
1339 1430 1570 1482 describi.

334 1526 446 1573 160.
522 1521 664 1582 Quod
701 1522 901 1589 quidem
937 1528 991 1573 ut
1026 1521 1371 1575 vehementius
1408 1521 1682 1587 inculcent,
1739 1527 1788 1572 et
1826 1521 1989 1588 quoad
2027 1523 2134 1575 eius
2167 1521 2276 1574 fieri
2313 1528 2491 1589 potest,

150 1616 423 1667 evidentius
451 1615 729 1683 explanent,
768 1615 863 1666 alia
898 1620 1063 1682 patres
1103 1614 1278 1666 similia
1316 1614 1578 1681 cumulant,
1617 1629 1675 1665 ac
1713 1613 1860 1664 modo
1894 1613 2022 1665 Petri
2059 1613 2344 1666 cathedram
2381 1629 2494 1666 cum

148 1709 389 1776 Cypriano
413 1711 419 1733 ¹
441 1711 484 1735 ¹⁸
541 1714 722 1760 vocant
774 1707 1003 1759 radicem
1057 1713 1204 1774 atque
1258 1711 1555 1770 niati-icem,
1617 1712 1666 1758 et
1714 1705 1861 1757 modo
1913 1721 2026 1756 cum
2079 1706 2365 1757 Innocentio
2399 1706 2489 1770 ¹¹⁹,

146 1800 398 1852 Bonifacio
421 1803 520 1864 ¹²⁰,
581 1799 747 1851 Felice
790 1800 853 1851 ΙΙΙ
878 1802 982 1866 ¹²¹,
1046 1799 1302 1867 gallicanis
1361 1799 1609 1866 episcopis
1632 1801 1723 1864 ¹²²,
1788 1796 2118 1864 africanisque
2172 1797 2393 1850 conciliis
2419 1799 2487 1824 ¹²³

150 1892 280 1945 illam
317 1893 454 1944 titulo
479 1891 756 1963 fontisque
800 1892 1126 1960 appellatione
1172 1891 1512 1943 cohonestant.
1585 1891 1806 1958 Egregia
1841 1897 1953 1941 sunt
1986 1905 2111 1956 quae
2149 1889 2392 1941 habentur
2418 1892 2487 1916 ¹²⁴

149 1987 197 2036 in
236 1986 441 2053 epistola
474 1987 620 2037 trium
659 1984 995 2050 conciliorum,
1036 1984 1318 2050 Numidiae,
1358 1983 1651 2052 Byzacenae
1690 1990 1739 2034 et
1770 1981 2087 2034 Mauritaniae
2123 1981 2251 2033 lecta
2283 1982 2335 2033 in
2369 1981 2490 2033 late-

147 2080 347 2129 ranensi
385 2078 577 2146 synodo
618 2078 709 2130 sub
746 2077 954 2129 Martino
983 2077 1029 2143 l,
1069 2093 1316 2145 quamque
1348 2083 1517 2143 'patres
1549 2075 1626 2128 his
1664 2074 1830 2126 verbis
1868 2075 2205 2141 auspicantur:
2244 2071 2489 2141 „Domino

149 2170 451 2239 beatissime,
491 2171 762 2238 apostolico
802 2168 1025 2222 eulmine
1060 2169 1338 2234 sublimate,
1379 2173 1551 2220 sancto
1585 2173 1730 2234 patri
1762 2173 1975 2232 patrum
2013 2165 2275 2217 Theodoro
2321 2181 2490 2233 papae,

151 2271 200 2315 et
235 2282 434 2316 summo
473 2265 690 2316 omnium
725 2263 1008 2332 praesulum
1046 2261 1312 2329 pontifici.“
1372 2260 1478 2312 Hoc
1517 2261 1646 2312 enim
1680 2260 1963 2327 praestituto
1997 2258 2219 2325 exordi0,
2256 2257 2491 2310 subdunt:

149 2356 412 2424 „Antiquis
449 2357 639 2426 regulis
677 2357 916 2409 sancitum
957 2361 1059 2422 est,
1123 2361 1175 2406 ut
1224 2354 1474 2420 quidquid
1508 2353 1731 2421 quamvis
1767 2353 1818 2403 in
1849 2351 2054 2403 remotis
2091 2350 2173 2402 vel
2207 2351 2492 2418 longinquis

148 2450 318 2516 positis
356 2455 593 2517 ageretur
627 2449 918 2516 provinciis,
981 2462 1080 2499 non
1127 2447 1262 2514 prius
1312 2446 1617 2498 tractandum
1653 2445 1735 2496 vel
1771 2444 2112 2512 accipiendum
2149 2444 2234 2511 sit,
2297 2443 2390 2495 nisi
2429 2442 2492 2494 ad

148 2543 368 2593 notitiam
406 2542 565 2594 almae
605 2542 739 2594 sedis
777 2548 975 2594 vestrae
1011 2540 1187 2593 fuisset
1216 2539 1503 2603 deductum,
1568 2545 1624 2589 ut
1660 2536 1817 2589 huius
1853 2542 2165 2589 auctoritate
2200 2537 2326 2588 iusta
2363 2550 2490 2602 quae

150 2634 323 2686 fuisset
358 2635 699 2702 pronunciatio
730 2633 1072 2701 firmaretur,
1131 2632 1347 2699 indeque
1396 2637 1650 2683 sumerent
1696 2637 1902 2682 ceterae
1950 2628 2198 2681 eeclesiae
2244 2627 2383 2679 velut
2429 2627 2491 2678 de

147 2710 314 2778 natali
348 2745 445 2779 suo
470 2726 625 2796 fonte
659 2727 1039 2794 praedicationis
1078 2724 1350 2789 exordium,
1391 2729 1569 2789 eteper
1605 2722 1827 2774 diversas
1863 2723 2008 2774 totius
2046 2721 2214 2773 mundi
2249 2721 2486 2787 regiones

149 2820 368 2885 puritatis
404 2821 721 2887 incorruptae
759 2823 988 2871 maneant
1023 2817 1138 2869 fidei
1170 2821 1479 2869 sacramenta
1515 2814 1735 2866 salutis.“

333 2916 447 2963 161.
521 2911 583 2962 Ut
608 2926 727 2963 vero
753 2911 881 2963 hanc
905 2910 1083 2981 fontis
1108 2910 1399 2977 allegoriam
1426 2907 1702 2975 expoliant,
1742 2906 2111 2972 subiectamque
2140 2904 2303 2955 eidem
2331 2904 2485 2971 signi-

146 3002 423 3055 ficationem
464 3004 767 3056 enucleatius
802 3011 967 3071 patres
1000 3004 1302 3068 edisserant,
1340 3002 1476 3052 initio
1513 3000 1927 3052 animadvertunt:
1992 2994 2149 3048 Petri
2185 2993 2486 3047 cathedram

148 3114 264 3146 esse
299 3095 579 3148 catholicae
625 3102 849 3163 requiem
894 3100 1285 3156 communionis,
1344 3111 1406 3144 ac
1456 3092 1685 3143 eiusdem
1738 3094 2056 3142 tutissimum
2098 3094 2322 3153 portum.
2395 3087 2480 3139 His

149 3204 361 3256 namque
400 3189 567 3240 verbis
605 3189 668 3241 de
703 3189 974 3242 Athanasio
1015 3188 1323 3241 Caelestinus
1346 3189 1415 3214 ¹²⁵
1458 3185 1650 3238 scribit:
1715 3183 1964 3250 „Fugatus
2001 3179 2159 3247 illinc,
2219 3180 2268 3231 in
2305 3180 2486 3231 nostris

258 3367 357 3428 ¹¹⁷)
395 3368 692 3413 Praetermitti
722 3380 810 3413 non
837 3368 994 3428 debet,
1033 3365 1274 3412 orientales
1469 3361 1568 3423 ¹²²)
1605 3361 1747 3421 Epist.
1784 3359 2002 3419 synodica
2040 3359 2097 3404 ad
2136 3358 2328 3404 Leonem
2366 3357 2398 3402 1.

150 3458 390 3517 episcopos
410 3439 443 3502 'a
467 3458 667 3507 Damaso
699 3458 904 3515 filiorum
938 3457 1117 3503 nomine
1152 3468 1275 3501 com·
1470 3450 1592 3512 ¹⁴²³)
1619 3450 1684 3495 Cf.
1721 3450 1847 3495 datas
1893 3449 1949 3494 ad
1994 3448 2299 3494 Innocentium
2332 3447 2366 3492 1.
2409 3446 2482 3492 lit-

148 3547 318 3605 pellari.
1361 3547 1502 3602 teraS,
1548 3540 1744 3599 itemque
1780 3551 1879 3600 eaS,
1928 3551 2036 3598 quas
2072 3551 2098 3582 e
2132 3536 2367 3584 Sardiniae
2402 3549 2481 3580 ex-

1360 3630 1462 3676 silio
1500 3629 1556 3675 ad
1591 3629 1838 3675 Johannem
1874 3632 1920 3672 et
1947 3625 2187 3673 Venerium
2223 3625 2456 3684 scripsere.

1468 3718 1568 3779 ¹²⁴)
1603 3717 1806 3778 Epistola
1840 3729 2002 3763 nomen
2033 3715 2230 3776 praefert
2253 3712 2479 3759 Theodori

1356 3807 1609 3869 PontificiS,
1647 3806 1727 3853 sed
1751 3819 1806 3852 eo
1830 3806 1923 3853 vita
1948 3806 2122 3867 funct0,
2160 3803 2217 3851 ad
2241 3802 2475 3849 Martinam

1358 3888 1669 3942 successorem
1705 3895 1903 3942 devenit.

256 3967 355 4029 120)
392 3968 535 4028 Epist·
572 3968 688 4014 XIV·
1465 3986 1563 4046 ¹²⁵)
1598 3985 1743 4045 Epist.
1777 3985 1831 4031 ad
1864 3984 2037 4030 Clerum
2061 3988 2108 4029 et
2131 3981 2341 4042 Populum
2369 3992 2474 4025 con-

257 4079 355 4139 ιἨ)
391 4078 533 4138 Epist.
569 4079 665 4125 ΧΠ.
1352 4076 1595 4137 stantinop.
1631 4089 1674 4122 n.
1701 4076 1746 4122 7.

257 3658 355 3717 ¹¹⁸)
395 3657 518 3713 Quae
553 3658 639 3703 huc
674 3658 842 3703 faciunt
877 3655 1148 3716 testimonia,
1185 3666 1274 3700 non

149 3746 288 3791 semel
322 3746 604 3805 protulimus.

257 3856 356 3918 ¹¹⁹)
391 3857 534 3918 Epist.
573 3857 629 3903 ad
664 3857 950 3904 milevitanos
986 3861 1151 3916 patres.
