2574 4276
225 112 327 164 164
1103 107 1326 167 LIBER
1393 108 1674 172 PRIMUS

228 254 309 321 qui
347 253 606 320 apostolis,
658 267 805 319 quum
841 252 934 302 illis
959 253 1181 318 primum
1215 253 1541 305 annunciandi
1578 253 1827 321 evangelii
1847 260 1865 284 ⁵
1920 271 2096 311 munus
2134 259 2367 327 credidit,
2410 275 2553 326 prae-

227 352 450 412 ceperat,
488 347 579 417 εἰς
625 341 755 395 ὁδὸν
803 342 987 393 ἐθνῶν
1030 342 1102 410 μή
1153 341 1448 408 ἀπέλθητε,
1498 345 1584 396 καὶ
1629 347 1704 405 εἰς
1741 345 1891 398 πόλιν
1926 353 2255 417 σαμαρειταῖν
2290 346 2360 421 μή
2399 351 2553 412 εὶςέλ-

223 436 383 499 θητε-
431 433 732 501 πορεύεσθε
769 430 830 484 δὲ
871 433 1075 497 μᾶλλον
1119 434 1254 502 πρὸς
1289 435 1355 489 τοὶ
1399 436 1639 507 πρόβατα
1685 433 1751 489 τοὶ
1787 434 2100 493 ἀπολωλότα
2137 440 2285 494 οἴκου
2319 426 2552 509 Ἰσραήλ,ἱ

221 528 272 579 in
307 530 436 579 viam
474 527 692 594 gentium
729 541 793 576 ne
831 526 1073 590 abieritis,
1114 534 1163 578 et
1197 529 1248 578 in
1268 529 1284 554 ⁶
1345 529 1591 579 civitatem
1629 530 2036 581 samaritanorum
2055 534 2073 558 ⁷
2128 549 2191 585 ne
2226 536 2548 602 intraveritis3

223 620 313 671 sed
352 620 512 686 potius
550 619 616 668 ite
655 617 717 668 ad
757 618 926 676 devias
963 635 1086 672 oves
1109 623 1126 647 ⁸
1178 621 1344 689 populi
1380 620 1601 688 Israelis3
1638 621 1769 672 idem
1807 622 1902 672 iam
1939 623 2108 674 mortis
2143 625 2323 693 victor,
2369 627 2551 679 relato-

223 727 318 777 que
354 707 597 775 triumpho
636 709 698 760 ad
735 709 990 763 dexteram
1026 712 1179 764 Patris
1217 727 1513 765 ascensurus
1559 712 1636 764 his
1681 713 1847 765 verbis
1886 714 2134 781 apostolos
2156 716 2174 742 ⁹
2211 718 2547 786 compellavit,

219 800 465 866 λήψεσθε
504 799 729 868 δύναμιν
765 802 1087 864 ἐπελθόντος
1119 806 1213 856 τοῦ
1247 802 1406 872 ἁγίου
1440 804 1738 872 πνεύματος
1773 805 1862 875 ἐφ’
1899 803 2070 873 ὑμᾶς,
2109 807 2199 859 καὶ
2236 808 2430 861 ἔσεσθέ
2458 828 2550 876 μοι

220 891 483 960 μάρτυρες
523 896 578 945 ἔν
614 912 666 945 τε
701 891 1047 963 Ἰερουσαλήμ
1088 897 1176 948 καὶ
1211 901 1268 948 ἐν
1303 895 1442 966 πάσῃ
1478 900 1539 966 τῇ
1573 895 1816 965 Ἰουδαίᾳ
1850 897 1940 949 καὶ
1975 887 2287 967 Zammac,
2324 900 2412 952 καὶ
2450 904 2550 962 ἔως

219 984 451 1050 ἐσχάτου
490 987 576 1049 τῆς
612 988 723 1053 γῆς.
800 987 985 1047 Quibus
1018 987 1144 1039 haec
1183 990 1383 1041 omnino
1411 992 1664 1063 sententia⁶
1695 989 1889 1041 subest:
1929 998 2129 1059 accepta
2166 993 2344 1043 virtute
2380 1007 2550 1059 super-

218 1079 460 1131 venientis
508 1080 557 1130 in
602 1095 691 1131 vos
738 1078 1170 1147 Spiritus-sancti,
1215 1082 1495 1133 testimonio
1541 1089 1734 1149 vestro,
1780 1087 2045 1148 vestraque
2089 1083 2452 1149 praedicatione
2499 1086 2550 1135 in

217 1170 495 1222 Jerusalem
531 1172 739 1238 primum
775 1173 1106 1239 universaque
1140 1173 1349 1241 Judaea,
1397 1174 1447 1224 in
1483 1173 1703 1228 Samaria
1752 1174 1953 1249 deinde,
2002 1190 2060 1225 ac
2104 1181 2354 1241 postremo
2391 1175 2550 1228 ubivis

225 1268 468 1314 terrarum
498 1265 540 1288 ¹⁰
581 1279 742 1315 meam
781 1265 1045 1316 ecclesiam
1084 1265 1424 1333 aedificabitis,
1462 1281 1773 1334 regnumque
1811 1282 1975 1318 meum
2013 1268 2283 1319 instituetiS.

400 1360 517 1407 203.
592 1355 734 1415 Quod
773 1357 1071 1408 adamussim
1096 1357 1386 1425 perfectum,
1428 1357 1801 1426 absolutumque
1835 1359 2074 1421 Actorum
2110 1359 2311 1410 historia
2347 1353 2570 1409 demon-⁷

218 1453 359 1513 strat,
403 1464 431 1498 e
482 1463 576 1514 qua
625 1449 853 1500 novimus
904 1466 1005 1501 non
1042 1456 1186 1501 antea
1223 1451 1530 1502 samaritanis
1569 1466 1715 1518 quam
1753 1442 1964 1519 iudaeiS,
2012 1467 2176 1519 neque
2211 1455 2353 1501 antea
2391 1451 2549 1518 genti-

215 1539 341 1591 libus
390 1555 534 1605 quam
583 1540 802 1608 utrisque
849 1540 1095 1609 evangelii
1134 1541 1296 1593 lucem
1335 1541 1606 1610 affulsisse,
1655 1542 1959 1611 verbumque
1992 1544 2210 1595 veritatis
2246 1541 2397 1594 fuisse
2435 1534 2550 1610 pro-

215 1633 441 1699 positum.
528 1632 682 1682 Immo
736 1639 786 1683 et
839 1632 1045 1684 alterum
1095 1632 1418 1702 demonstrat,
1487 1635 1620 1702 quod
1673 1641 1748 1687 est
1805 1651 1915 1686 cum
1964 1635 2213 1703 praesenti
2260 1636 2548 1686 tractatione

216 1725 696 1776 coniunctissimum:
746 1740 896 1775 unum
945 1725 1176 1777 videlicet
1224 1726 1552 1794 eumdemque
1591 1726 1841 1780 Simonem
1877 1726 2069 1778 Petrum
2121 1741 2343 1778 caussam
2395 1725 2547 1777 fuisse

212 1817 510 1884 principem,
559 1832 654 1883 qua
700 1831 819 1868 usus
865 1823 940 1869 est
987 1817 1234 1886 Christus,
1281 1825 1334 1870 ut
1383 1835 1524 1871 suum
1574 1819 1635 1871 de
1682 1820 1870 1871 ratione
1925 1817 2269 1871 diffundendae
2306 1819 2548 1871 ecclesiae

217 1909 477 1960 consilium
516 1915 863 1975 exequeretur.

394 2001 454 2052 Et
490 2002 551 2053 de
590 1998 817 2053 ecclesiis
865 2017 986 2053 sane
1037 2002 1163 2070 apud
1209 2003 1412 2057 iudaeos
1451 2004 1672 2056 collectis
1711 2003 1917 2055 dubitari
1952 2019 2052 2055 non
2087 2010 2274 2072 potest,
2324 2005 2439 2070 quin
2487 2020 2545 2055 ea

214 2093 264 2143 in
305 2096 691 2146 controversiam
733 2095 1035 2146 adducantur
1066 2101 1198 2162 'quae
1236 2098 1384 2149 certis
1419 2096 1657 2147 hactenus
1694 2095 2048 2163 luculentisque
2085 2090 2389 2149 testimoniis
2412 2110 2547 2146 com-

215 2185 544 2251 probavimus.
618 2186 877 2254 Reliquum
913 2194 989 2239 est
1025 2188 1186 2255 igitur,
1222 2194 1274 2239 ut
1311 2189 1372 2239 de
1399 2188 1625 2240 ecclesiis
1653 2190 1872 2256 gentium
1901 2195 2153 2256 postremo
2193 2188 2381 2255 dicturi,
2417 2203 2548 2238 nunc

219 2278 553 2345 ostendamus,
594 2279 864 2330 ministerio
901 2281 1210 2346 potissimum
1234 2280 1362 2333 Petri
1398 2282 1459 2333 ad
1497 2283 1755 2350 mysticum
1791 2280 1967 2331 Christi
2005 2295 2199 2348 corpus,
2235 2294 2545 2348 regnumque

217 2369 347 2435 quod
388 2371 674 2420 universum
710 2370 963 2422 hominum
997 2387 1161 2439 genus
1198 2379 1303 2424 erat
1342 2354 1741 2442 complexurum,
1780 2374 2102 2425 samaritanos
2141 2374 2430 2424 accessisse.

395 2467 512 2514 204.
587 2462 754 2529 Itaque
805 2480 863 2515 ea
917 2467 1171 2522 saeviente
1202 2468 1241 2491 ¹¹
1301 2472 1470 2517 contra
1525 2464 2008 2532 hierosolymitanam
2061 2465 2323 2517 ecclesiam
2374 2477 2544 2530 perse-

216 2556 463 2622 quutione,
504 2570 599 2620 qua
637 2554 911 2622 Stephanus
943 2559 987 2583 ¹²
1026 2558 1309 2625 martyrium
1346 2558 1476 2625 fecit,
1513 2558 1725 2624 fusoque
1751 2557 1992 2624 sanguine
2018 2557 2273 2608 veritatem
2299 2553 2546 2621 evangelii

216 2649 442 2714 sancivit,
498 2647 689 2699 Christo
728 2649 891 2699 omnia
927 2649 1241 2718 moderante,
1293 2650 1473 2701 factum
1512 2656 1612 2717 est,
1664 2655 1716 2700 ut
1761 2648 1994 2717 apostolis
2031 2647 2404 2715 Hierosolymae
2440 2661 2544 2696 ma-

215 2739 459 2806 nentibus,
499 2755 563 2791 ex
596 2740 657 2791 iis
685 2741 726 2766 ¹³
770 2741 852 2807 qui
889 2738 1263 2810 διασπαρέντες
1301 2743 1601 2795 disseminati
1636 2742 1942 2811 vagabantur
1977 2747 2027 2792 et
2063 2739 2420 2792 annunciabant
2454 2735 2544 2789 τὸν

320 2936 365 2998 ⁵)
399 2937 552 2981 Matth.
589 2936 644 2981 X.
683 2937 849 2983 5—6.

319 3023 364 3085 ⁶)
399 3025 643 3085 Vulgatus,
680 3027 733 3070 in
767 3028 1007 3074 civitates.-
1051 3033 1200 3090 recte,
1247 3029 1339 3075 sin-

216 3113 383 3170 gularis
420 3114 538 3158 enim
573 3128 778 3160 numerus
814 3116 1054 3163 collective
1088 3123 1336 3177 usurpatur.

319 3201 364 3262 ⁷)
404 3202 677 3261 Quamquam
715 3206 988 3266 samaritani,
1025 3206 1126 3252 Joh.
1153 3207 1229 3253 IV.
1260 3206 1335 3267 12,

218 3304 268 3336 se
300 3292 502 3338 dicerent
534 3292 701 3339 Jacobs·
729 3294 871 3354 filios,
907 3308 995 3340 non
1021 3297 1162 3340 minus
1188 3300 1337 3341 tamen

219 3380 273 3424 ab
299 3381 472 3427 iudaeis
497 3387 759 3442 separantur
783 3397 914 3442 quam
939 3384 1146 3445 gentiles,
1182 3389 1339 3443 utpote

219 3471 292 3528 qui
314 3471 417 3515 Joh.
443 3471 520 3517 IV.
545 3471 624 3518 22.
659 3472 884 3517 nescirent
920 3473 1027 3531 quid
1062 3473 1314 3519 adorarent.

319 3559 363 3618 ⁸)
399 3560 507 3605 Vult
531 3560 730 3606 Christus
754 3561 930 3619 integra
963 3561 1223 3607 iudaeorum
1247 3563 1339 3623 pri-

216 3646 418 3709 vilegia,
471 3655 596 3695 erant
641 3653 757 3697 enim
803 3651 867 3696 illi
913 3650 1066 3696 Matth.
1102 3651 1219 3697 VIII.
1258 3651 1335 3698 12.

213 3736 306 3794 filii
350 3740 510 3798 requi,
564 3740 627 3785 illi
676 3745 938 3799 receperant
987 3739 1334 3802 promissiones,

217 3830 349 3885 atque
385 3826 524 3887 adeo,
560 3827 661 3873 Act.
686 3829 802 3874 XIII.
828 3828 916 3890 46,
962 3827 1049 3873 illis
1083 3828 1335 3888 praedicari

214 3916 402 3975 primum
439 3916 678 3974 oportebat
710 3918 895 3963 verbum
929 3915 1029 3963 Dei.

315 4003 361 4066 ⁹)
398 4003 500 4050 Aet.
537 4005 570 4050 Ι.
607 4005 653 4051 8.
691 4006 791 4052 coll.
827 4007 954 4052 Rom.
989 4006 1045 4053 X.
1085 4004 1161 4052 18.

1423 2934 1507 3000 τῆς
1540 2934 1639 3001 γῆς,
1675 2939 1918 3000 respondet
1954 2925 2105 2999 alteri,
2140 2937 2273 2983 Marc.
2308 2935 2426 2983 XVI.
2466 2933 2541 2995 15,

1421 3025 1486 3081 εἷς
1518 3020 1599 3074 τᾶν
1633 3019 1810 3089 κόσμον
1843 3017 2046 3072 ἅπαντα.
2558 3026 2566 3033 ·

1532 3115 1602 3178 ¹¹)
1639 3115 1740 3162 Act.
1777 3115 1893 3163 VIII.
1933 3113 2097 3160 1—4.

1532 3206 1603 3267 102)
1637 3205 1750 3251 Ibid.
1787 3203 1883 3251 VII.
1921 3201 2154 3249 56—59.

1530 3294 1601 3356 ¹³)
1654 3294 1702 3340 In
1746 3292 1899 3339 libello
1945 3292 2144 3350 optimae
2192 3290 2359 3352 frugis,
2412 3302 2541 3349 quem

1421 3382 1541 3429 Beda
1576 3383 1816 3443 inscripsit,
1852 3380 2138 3427 Retractatio
2172 3380 2226 3424 in
2258 3377 2378 3424 Acta
2406 3375 2539 3438 Apo-

1419 3472 1674 3533 stolorum,
1725 3470 1948 3529 legimus:
2018 3469 2135 3529 „Pro
2191 3468 2446 3529 dispersis,
2496 3468 2540 3512 in

1420 3574 1590 3621 graeco
1641 3559 1832 3606 habetur
1881 3558 2216 3605 disseminatos.
2298 3557 2408 3603 Nam
2455 3555 2542 3616 ipsi

1420 3655 1548 3696 erant
1583 3649 1639 3696 de
1674 3647 1833 3708 quihus
1868 3647 1987 3693 dixit
2021 3647 2210 3693 Esaias:
2263 3658 2421 3692 omnes
2468 3645 2570 3705 quis

1418 3739 1615 3787 viderint
1657 3749 1762 3799 eoS,
1814 3741 2092 3794 cognoscent
2137 3735 2238 3782 illos
2247 3769 2264 3805 ,
2318 3735 2421 3795 quia
2468 3734 2542 3779 isti

1423 3832 1524 3874 sunt
1556 3838 1723 3886 semen,
1760 3825 1831 3871 cui
1866 3824 2099 3872 benedixit
2128 3823 2371 3887 Dominus,
2405 3828 2451 3869 et
2485 3822 2540 3868 de

1418 3917 1573 3978 quibus
1607 3914 1823 3963 Dominus
1858 3916 1902 3961 in
1937 3913 2152 3977 parabola
2187 3911 2434 3971 evangelii:
2469 3924 2541 3957 se-

1416 4019 1542 4053 men,
1572 4009 1719 4051 autem
1771 4004 1969 4067 bonum,
2022 4005 2070 4051 hi
2122 4007 2223 4050 sunt
2265 4001 2342 4047 filii
2393 3999 2568 4059 regnis,

324 4092 395 4155 ¹⁰)
444 4093 647 4156 PhrasiS,
697 4089 781 4150 ἕως
824 4087 1023 4158 ἐσχάτου
1067 4092 1329 4158 (πέρατος)
1412 4095 1762 4145 Disseminatum
1799 4099 1868 4141 est
1902 4107 2013 4154 ergo
2047 4093 2137 4140 hoc
2171 4104 2321 4139 semen
2356 4103 2436 4151 per
2465 4102 2544 4135 re*
