2574 4276
156 102 260 153 278
1028 101 1247 154 mmm
1317 101 1598 155 PRIMUS

157 248 260 296 tum
306 243 537 311 apostolis
579 242 850 308 universiS,
895 240 1230 308 historiaeque
1278 243 1524 310 originum
1575 242 2018 298 ecclesiasticarum
2063 245 2270 299 adversa
2316 245 2476 300 fronte

159 342 471 404 repugnaret.
542 335 617 386 Ac
659 334 807 385 Paulo
848 334 1094 400 inprimis,
1139 340 1306 401 utpote
1350 335 1433 400 qui
1478 340 1528 385 et
1575 334 1800 387 ecclesiis
1822 339 1868 364 ‘²⁰
1921 340 2076 405 capita
2122 339 2476 407 praeposuerit,

163 433 212 478 et
248 426 595 494 praeponenda
634 441 746 477 esse
772 428 814 452 ²¹
857 425 1111 477 mandarit.
1186 424 1436 492 Apostolis
1475 425 1652 476 deinde
1684 426 1902 493 reliquis,
1942 429 2003 481 de
2039 429 2212 496 quibus
2250 431 2477 483 Clemens

163 519 261 571 fide
298 534 418 570 sane
454 517 770 584 dignissimus
794 520 840 544 ‘²²
880 524 1108 569 testatur:
1182 516 1440 584 „Apostoli
1470 517 1612 569 nobis
1638 518 2038 586 evangelizarunt
2071 537 2100 572 a
2121 519 2328 572 Domino
2358 522 2478 573 Jesu

161 611 377 675 Christ0,
414 609 559 660 Jesus
597 609 814 661 Christus
852 626 880 661 a
916 609 1038 661 Deo.
1105 608 1284 661 Missus
1329 609 1479 676 igitur
1514 615 1592 661 est
1624 608 1841 660 Christus
1877 625 1906 660 a
1941 609 2073 677 Dec,
2118 617 2169 662 et
2205 613 2411 680 apostoli
2448 629 2475 664 a

162 702 378 766 Christ0,
429 706 478 751 et
523 700 704 753 factum
754 708 828 753 est
874 708 1134 768 utrumque
1185 700 1443 752 ordinatim
1491 715 1556 752 ex
1601 701 1847 752 voluntate
1883 700 1988 752 Dei.
2062 701 2228 768 Itaque
2265 706 2479 771 acceptis

160 792 423 859 mandatiS,
461 799 510 845 et
547 800 683 845 certo
719 795 944 861 persuasi
978 809 1069 861 per
1100 794 1516 845 resurrectionem
1545 791 1739 844 Domini
1773 794 1928 844 nostri
1963 793 2084 845 Jesu
2120 793 2311 861 Christi,
2349 803 2397 848 et
2430 799 2479 849 in

158 882 256 935 fide
304 884 575 938 confirmati
617 902 708 953 per
754 886 959 938 verbum
1005 885 1097 938 Dei
1146 900 1257 936 cum
1302 886 1457 936 sancti
1507 884 1710 952 Spiritus
1759 884 2058 951 plenitudine
2105 901 2163 937 ac
2204 889 2478 955 securitate,

159 976 355 1043 egressi
399 984 539 1045 sunt,
589 980 941 1030 annunciantes
989 977 1310 1029 adventurum
1355 992 1470 1030 esse
1512 992 1725 1045 regnum
1772 975 1878 1028 Dei.
1954 973 2116 1030 Κατοὶ
2153 977 2340 1045 χώρας
2385 975 2480 1033 οὖν

159 1069 249 1120 καὶ
295 1068 469 1131 πόλεις
517 1068 887 1138 κηρύσσοντες,
937 1069 1268 1123 καθίστανον
1317 1067 1411 1131 τοὶς
1460 1062 1717 1135 ἀπαρχάς
1740 1071 1786 1095 ²³
1837 1066 2041 1132 αὐτῶν,
2093 1068 2481 1137 δοκιμάσαντες

159 1162 235 1229 τῷ
270 1159 549 1230 πνεύματι,
599 1165 673 1225 εὶς
726 1164 1045 1224 ἐπισκόπους
1082 1163 1169 1215 καὶ
1208 1160 1485 1223 διακόνους
1522 1163 1629 1214 τῶν
1665 1160 1960 1228 μελλόντων
1996 1159 2263 1215 πιστεύειν.
2337 1164 2483 1217 Prae-

163 1253 384 1306 dicantes
421 1255 572 1322 igitur
604 1270 695 1323 per
728 1257 964 1323 regiones
1001 1272 1060 1308 ac
1094 1256 1271 1323 urbes,
1309 1255 1541 1322 primitias
1580 1270 1774 1319 earum,
1826 1255 1995 1321 spiritu
2032 1270 2142 1306 cum
2178 1256 2481 1323 probassent,

159 1346 211 1397 in
248 1347 507 1414 episcopos
545 1353 595 1400 et
631 1347 864 1400 diaconos
904 1363 1076 1400 eorum
1111 1349 1194 1415 qui
1231 1347 1460 1399 credituri
1497 1351 1660 1413 erant,
1699 1347 2101 1397 constituerunt.“
2174 1347 2296 1399 Tum
2331 1348 2483 1400 histo-

159 1438 264 1489 riae
314 1447 615 1507 repugnaret
662 1441 909 1509 originum
956 1434 1426 1504 ecclesiasticarum,
1475 1454 1619 1505 quam
1665 1437 1796 1489 idem
1845 1437 2072 1489 Clemens
2095 1440 2140 1464 ²⁴
2194 1438 2270 1491 his
2320 1439 2482 1491 verbis

164 1536 384 1582 enarrat:
432 1529 591 1593 »Καὶ
628 1533 677 1584 οἱ
711 1530 995 1585 ἀπόστολοι
1030 1530 1181 1600 ἡμῶν
1216 1533 1454 1599 ἔγνωσαν
1490 1527 1581 1583 διοὲ
1616 1532 1712 1581 τοῦ
1746 1528 1929 1595 κυρίου
1965 1527 2115 1596 ἡμῶν
2150 1528 2319 1592 Ἰησοῦ
2351 1530 2484 1599 Χρι-

160 1624 311 1684 στοῦ,
349 1620 428 1674 &a
466 1624 572 1691 ἔρις
607 1626 750 1676 ἔσται
783 1625 868 1677 ἐπὶ
902 1626 998 1676 τοῦ
1031 1626 1288 1692 ὀνόματος
1324 1624 1414 1686 τῆς
1448 1625 1754 1685 ἐπισκοπῆς·
1793 1619 1882 1673 δια
1918 1618 2106 1684 ταύτην
2140 1617 2236 1673 οὖν
2271 1616 2364 1684 την
2400 1625 2482 1674 αὶ-

161 1713 277 1765 τίαν
311 1715 610 1780 πρόγνωσιν
635 1716 905 1785 εἰληφότες
939 1716 1158 1779 τελείαν,
1196 1719 1512 1779 κατέστησαν
1547 1709 1671 1776 τούς
1700 1716 2119 1780 προειρημένους,
2159 1714 2247 1765 καὶ
2283 1709 2479 1781 μεταξύ

160 1800 418 1874 ἐπινομήν
440 1810 486 1834 ²⁵
530 1805 852 1870 δεδοίκασιν,
890 1807 1036 1869 ὅπως
1071 1806 1166 1860 ἑοὶν
1202 1806 1554 1876 κοιμηθῶσιν,
1594 1805 1930 1868 διαδεξωνται
1966 1808 2132 1870 ἕτεροι
2170 1804 2484 1873 δεδοκιμασ-

160 1902 308 1966 μένοι
342 1893 533 1966 ἄνδρες
569 1894 660 1962 τὴν
696 1900 1023 1967 λειτουργίαν
1059 1898 1249 1953 αὐτῶν.
1320 1899 1381 1951 Et
1431 1899 1640 1968 apostoli
1687 1900 1843 1951 nostri
1881 1903 2218 1964 cognoverunt
2254 1914 2346 1964 per
2384 1898 2482 1950 Do-

163 1991 347 2041 minum
388 1998 605 2044 nostrum
641 1992 810 2045 Jesum
851 1992 1108 2059 Christum,
1149 1992 1282 2060 quod
1316 1992 1473 2044 futura
1512 1998 1646 2045 esset
1669 1991 1915 2044 contentio
1953 1989 2016 2041 de
2053 1991 2253 2041 nomine
2291 1992 2483 2057 episco-

160 2087 328 2149 patus:
379 2082 442 2134 ob
488 2099 597 2135 eam
649 2100 773 2152 ergo
826 2100 1074 2150 caussam,
1131 2090 1331 2151 accepta
1378 2084 1597 2151 perfecta
1641 2084 2073 2152 praecognitione,
2130 2083 2483 2135 constituerunt

162 2188 308 2240 supra
345 2174 521 2242 dictos,
575 2183 623 2227 et
672 2176 905 2244 deinceps
942 2177 1132 2228 futurae
1181 2177 1511 2229 successionis
1547 2175 1771 2243 regulam
1806 2174 2131 2240 tradiderunt,
2179 2180 2232 2225 ut
2268 2189 2378 2225 cum
2414 2175 2483 2226 illi

162 2264 487 2334 decederent,
533 2268 780 2334 publicum
830 2283 1003 2320 eorum
1039 2284 1214 2320 munus
1262 2267 1342 2319 alii
1382 2268 1571 2335 probati
1607 2269 1698 2319 viri
1735 2266 2072 2334 exciperent.“
2143 2265 2482 2332 Reprehensio

160 2357 311 2424 igitur
334 2357 483 2424 Pauli,
520 2367 848 2427 usurpataque
885 2360 945 2412 ab
983 2376 1045 2412 eo
1080 2361 1230 2412 verba
1260 2376 1365 2412 *non
1399 2375 1460 2412 eo
1495 2362 1752 2428 pertinent,
1790 2366 1841 2410 ut
1870 2359 1949 2410 vel
1974 2358 2200 2426 singulae
2239 2359 2483 2411 ecclesiae

162 2449 263 2500 suis
301 2449 559 2503 destitutae
598 2452 860 2519 capitibuS,
909 2451 990 2504 vel
1024 2452 1317 2504 universalis
1356 2452 1569 2504 ecclesia
1615 2467 1705 2504 suo
1742 2453 1928 2519 privata
1964 2452 2312 2516 oecumeniCO,
2365 2465 2482 2503 con-

161 2541 431 2608 spicuoque
469 2543 627 2610 capite
664 2550 970 2595 censeantur.

342 2636 458 2685 357.
532 2634 639 2695 Quo
690 2636 837 2703 igitur
880 2634 1164 2703 pertinent?
1213 2637 1256 2688 si
1303 2635 1422 2687 mihi
1465 2635 1515 2686 id
1560 2641 1696 2687 esset
1741 2637 1886 2687 unice
1921 2632 2221 2703 propositum
2268 2639 2322 2686 ut
2357 2650 2481 2701 quae

159 2723 398 2777 adversus
434 2725 564 2778 Petri
600 2727 888 2795 dignitatem
925 2727 1245 2794 obiiciuntur,
1282 2726 1609 2795 repellerem,
1646 2742 1848 2794 possem
1883 2727 2013 2778 illico
2052 2727 2366 2792 breviterque
2401 2743 2482 2778 re-
2519 2761 2521 2763 -

161 2817 434 2883 spondere:
474 2833 574 2870 non
610 2820 738 2871 hanc
776 2837 890 2873 esse
931 2821 1286 2888 quaestionem,
1323 2834 1489 2886 neque
1525 2819 1586 2870 de
1614 2834 1675 2870 eo
1712 2820 1761 2869 in
1784 2820 2059 2886 praesentia
2095 2819 2202 2886 agi,
2243 2834 2480 2884 quaenam

159 2908 294 2960 Pauli
337 2910 503 2963 verbis
552 2926 789 2978 germana
826 2914 939 2965 insit
974 2912 1242 2976 sententia,
1289 2911 1379 2963 sed
1417 2917 1577 2962 utrum
1626 2912 1899 2978 conspicui,
1951 2910 2263 2978 supremique
2313 2911 2480 2977 capitis

162 3003 603 3054 auctoritas‘Petro
652 3011 838 3055 asserta
885 3005 1061 3057 iisdem
1110 3005 1397 3072 denegetur.
1472 3003 1712 3064 Quoniam
1760 3018 1882 3077 vero
1930 3002 2046 3053 mihi
2079 3003 2294 3068 inprimis
2333 3003 2481 3054 desti-

160 3099 326 3143 natum
361 3100 456 3159 est,
506 3095 698 3146 veritati
735 3111 831 3162 quo
869 3100 1024 3164 aptius
1059 3099 1246 3164 possim
1283 3096 1571 3162 consulere,
1625 3096 1965 3161 sinceramque
1999 3094 2354 3161 Scripturarum
2394 3095 2481 3145 do-

163 3187 367 3237 ctrinam
399 3201 489 3238 suo
526 3186 575 3238 in
612 3187 795 3239 lumine
834 3189 1108 3241 collocare:
1161 3196 1262 3240 tum
1308 3190 1453 3240 etiam
1499 3187 1781 3255 opportunis
1819 3186 2055 3252 exemplis
2090 3187 2380 3252 ostendere,
2430 3187 2481 3237 in

265 3329 339 3391 ²⁰)
375 3329 411 3375 I.
443 3329 554 3374 Tim.
592 3329 668 3376 IV.
709 3330 786 3375 14.
962 3383 969 3388 ,
1364 3332 1606 3392 respondet
1638 3322 1708 3389 τῷ
1742 3307 1850 3394 3ξῇ
1887 3330 2045 3389 adipi,
2082 3335 2127 3374 et
2161 3329 2479 3390 metaphorice,

265 3419 340 3480 ²¹)
378 3419 463 3465 Tit.
503 3418 537 3464 1.
575 3421 619 3464 5.

267 3507 342 3569 2²)
378 3508 523 3568 Epist.
564 3508 619 3553 ad
655 3506 852 3552 Corinth.
906 3506 950 3565 §.
986 3508 1113 3553 XLII.

268 3595 343 3657 23)
378 3597 506 3642 Sicut
550 3597 733 3656 proprie
780 3588 975 3658 ἄπαρχή
1019 3619 1087 3638 Σ
1132 3598 1279 3662 ἴῃῖῃ-Π

1363 3448 1437 3493 rei
1472 3447 1685 3506 optimae.

1469 3577 1544 3639 24)
1578 3575 1720 3636 Epist.
1762 3574 1818 3619 ad
1853 3573 2050 3619 Corinth.
2088 3572 2133 3632 §.
2164 3572 2313 3618 XLIV.

167 3709 285 3768 apud
327 3710 636 3757 alexandrinos
672 3711 813 3757 Levit.
849 3709 1006 3756 XXIII.
1045 3711 1276 3771 10-17,
1466 3708 1541 3770 ²⁵)
1574 3708 1640 3754 De
1675 3707 1856 3766 propria
1891 3700 2111 3766 ἐπινομῆς
2150 3705 2476 3764 significatione

163 3802 208 3841 et
240 3796 369 3845 Deut.
400 3798 558 3845 XXVI.
591 3801 635 3846 2.
673 3801 858 3846 denotat
887 3801 1077 3861 fruyum
1104 3803 1278 3861 primi-
1361 3798 1559 3858 pluribus
1595 3800 1779 3855 egerunt
1811 3795 1989 3854 Junius,
2028 3794 2297 3853 SalmasiuS,
2338 3792 2475 3838 Usse-

162 3888 279 3946 tias3
332 3888 395 3933 ita
449 3891 752 3950 metaphorice
805 3891 1011 3951 exprimit
1066 3891 1278 3949 quidquid
1360 3889 1466 3947 rius,
1501 3886 1567 3933 De
1599 3885 1759 3945 Marca,
1797 3884 2121 3942 Hammondus,
2157 3882 2329 3942 Fellus,
2363 3889 2474 3940 ⁴quo-

167 3981 236 4020 est
270 3977 315 4021 in
350 3990 431 4022 suo
467 3993 631 4036 genere
663 3981 1105 4040 praestantissimum.
1153 3979 1277 4025 Unde
1359 3990 1454 4021 rum
1498 3975 1774 4023 coniecturas
1821 3975 1956 4019 refert
1991 3972 2196 4020 clei-inus.
2221 3972 2265 4018 in
2302 3974 2470 4014 amste-

164 4065 299 4127 Num„
314 4065 472 4114 XVIII.
508 4058 1277 4130 12-29--30-32..ἄπαρχή
1359 4064 1607 4113 lodamensi
1631 4062 1994 4124 Apostolicorum
2018 4062 2194 4108 Patrum
2229 4058 2451 4114 editione„
