2574 4276
1067 152 1314 207 CAPUT
1350 155 1416 206 11.
2288 153 2389 202 365

87 313 177 365 eqo
221 293 504 346 claritatem
531 295 572 320 ¹⁴
623 309 776 358 quam
817 293 999 345 dedisti
1038 291 1181 357 mihi,
1229 293 1346 345 deda·
1386 297 1486 356 eis,
1531 298 1590 344 ut
1624 297 1730 344 siut
1764 308 1936 353 unum,
1973 294 2108 342 sicut
2143 286 2388 352 (καθώςε

89 385 217 453 quod
255 384 539 436 adverbium
576 385 671 435 iam
707 384 782 434 bis
818 385 1075 451 repetitum
1095 424 1109 450 ,
1160 399 1306 451 quum
1341 384 1403 435 de
1429 381 1708 451 ὁμοιότητι,
1749 397 1848 434 non
1883 379 2077 444 ἰσότητι
2110 380 2388 447 intelligen-

89 476 200 527 dum
227 476 303 541 sit,
340 474 610 526 luculenter
635 474 972 542 παράδειγμα
1006 476 1146 541 sistit,
1184 475 1315 548 quod
1350 476 1400 526 in
1437 474 1680 526 ecclesiae
1704 474 1884 525 unitate
1920 472 2171 539 refulgere
2196 470 2385 533 debet.)

87 584 179 618 nos
215 584 373 617 unum
406 584 601 628 sumus,
641 583 730 634 eqo
762 571 816 616 in
844 571 918 616 eis
954 564 1083 632 (ἐγώ
1108 569 1164 617 ἐν
1199 562 1411 626 atton-2
1448 565 1602 617 habes
1624 580 1817 616 rursum
1851 564 2065 615 divinum
2101 562 2388 629 principium

87 664 320 709 externae
359 659 751 724 conspicuaeque
789 658 1052 723 unitatis),
1098 662 1147 707 et
1182 663 1238 706 tu
1281 662 1337 708 iu
1371 675 1470 720 me,
1517 664 1576 708 ut
1618 661 1724 707 sint
1761 660 2102 707 consummati
2136 659 2191 704 iu
2228 669 2387 706 unum

89 748 198 808 (ἵνα
237 742 333 801 ὦσι
367 749 743 815 τετελειωμένοι
787 749 862 808 εἰς
898 751 979 813 ἔν,
1028 753 1080 798 ut
1123 749 1219 799 sint
1253 747 1472 817 perfecte
1509 746 1782 799 concordes
1826 752 1875 798 et
1918 747 2198 811 unanimeS,
2249 745 2389 812 quasi

88 840 180 892 sibi
203 847 367 891 mutuo
403 845 767 905 immiscerent,
813 853 1038 905 unusque
1091 837 1252 889 forent
1285 839 1496 902 essentia
1531 838 1707 904 homo,
1751 839 1893 888 unica
1927 831 2173 903 praeditus
2211 836 2385 901 anima,

91 938 271 998 mente,
309 931 500 998 corde),
538 937 586 982 et
604 937 661 981 ut
690 935 960 999 coquoscat
996 929 1352 995 (praemiserat,
1390 927 1478 981 ἵνα
1503 926 1532 980 ὁ
1560 930 1756 997 κόσμος
1778 926 2034 996 πιστεύσῃ,
2072 926 2232 979 subdit
2257 926 2388 993 quod

87 1021 351 1088 perfectius
392 1028 481 1088 est,
521 1022 608 1073 καὶ
655 1019 741 1073 ἵνα
773 1017 1001 1088 γινώσκῃ
1050 1017 1080 1075 ὁ
1118 1020 1336 1085 κόσμος,
1385 1019 1669 1086 gradatione
1717 1020 1786 1070 illi
1821 1020 2042 1086 gemina,
2103 1034 2197 1085 qua
2252 1034 2298 1068 v.
2335 1023 2384 1069 8.

87 1127 204 1164 usus
243 1119 359 1164 erat.
432 1113 640 1164 Videant
672 1127 820 1178 porro
854 1116 1204 1178 protestanteS,
1255 1127 1318 1181 an
1351 1110 1474 1162 tales
1520 1111 1614 1163 sint
1649 1111 1839 1162 illorum
1879 1116 2074 1176 coetuS,
2113 1125 2141 1161 e
2180 1124 2387 1176 quorum

89 1205 352 1269 conspicua
389 1205 566 1254 unitate
602 1203 730 1254 hanc
763 1202 925 1268 fidem,
963 1208 1108 1269 atque
1143 1203 1284 1260 ista-m
1309 1203 1644 1269 cognitionem
1669 1201 1865 1253 haurire
1900 1199 1930 1252 ὁ
1957 1202 2152 1268 κόσμος
2187 1202 2383 1267 possit.)

86 1295 306 1346 mundus
345 1300 464 1359 quia
504 1301 560 1344 tu
594 1312 672 1345 me
708 1299 918 1354 misisti,
966 1299 1014 1343 et
1060 1291 1296 1344 dile-visti
1342 1310 1427 1344 eos
1476 1276 1588 1351 (aab
1629 1289 1904 1359 ἠγάπησας
1954 1288 2173 1351 maroug:
2221 1292 2285 1342 ita
2332 1297 2384 1342 ut

85 1402 184 1438 non
219 1388 375 1438 minus
410 1385 623 1437 fidelium
657 1387 814 1436 unitas
849 1390 1054 1453 siqnum
1087 1385 1148 1435 sit
1181 1385 1377 1436 unitatis
1420 1383 1524 1435 Filii
1561 1399 1671 1434 cum
1705 1382 1869 1448 Patre,
1922 1397 2066 1449 quam
2103 1387 2266 1433 mutua
2294 1397 2389 1433 *eo-

85 1478 307 1528 rumdem
332 1478 504 1529 caritas
532 1482 732 1545 siqnum
767 1477 828 1527 sit
862 1476 1158 1541 dilectionis,
1198 1491 1292 1543 qua
1328 1459 1500 1527 Filium
1535 1475 1676 1527 Pater
1711 1474 2105 1540 complectitur.),
2144 1478 2285 1525 sicut
2307 1490 2385 1523 me

89 1568 334 1621 dilect-isti.

266 1666 345 1712 29.
383 1660 518 1711 Haec
551 1673 697 1726 porro
742 1664 837 1710 tam
874 1658 1113 1726 insignis,
1162 1663 1358 1724 tamque
1395 1657 1554 1709 divina
1588 1658 1760 1722 unitas,
1803 1671 1899 1723 qua
1934 1655 2142 1707 militans
2178 1655 2388 1707 ecclesia

89 1752 331 1819 quoddam
366 1751 514 1802 veluti
540 1753 583 1778 ¹⁵
623 1749 828 1817 μίμημα
863 1751 925 1802 sit
970 1747 1248 1816 ἀγγελικῆς
1287 1746 1462 1814 δόξης,
1513 1750 1661 1800 immo
1707 1747 2005 1799 adumbratio
2056 1746 2294 1813 quaedam
2340 1752 2409 1798 et·

89 1844 306 1904 ἔκτυπος
324 1843 449 1894 illius
480 1843 690 1909 unitatis,
730 1858 823 1909 qua
849 1847 1084 1908 augustae
1106 1841 1329 1892 trinitatis
1356 1840 1654 1908 'hypostases
1692 1855 1849 1890 unum
1871 1844 2009 1905 sunt,
2045 1838 2152 1889 talis
2188 1853 2251 1889 ne
2272 1853 2385 1888 cen-

89 1935 188 1986 seri
208 1940 384 2001 potest,
423 1933 484 1984 ad
498 1950 641 2000 quam
658 1932 963 1985 efficiendam
982 1932 1464 1999 conservandamque
1484 1931 1818 1985 necessarium
1835 1929 1963 1981 haud
1985 1931 2046 1982 sit
2062 1935 2387 1995 conspicuum

83 2031 399 2091 principium,
435 2042 463 2076 e
486 2040 582 2092 quo
603 2032 753 2106 extet,
786 2030 940 2093 oriqo,
979 2041 1007 2075 e
1024 2040 1119 2091 qua
1143 2024 1370 2090 dimanet,
1408 2030 1734 2088 centrumque
1751 2021 1812 2072 ad
1831 2021 1962 2088 quod
1982 2022 2144 2072 omnia
2181 2036 2387 2072 conver-

87 2115 238 2183 gant?
308 2117 361 2167 In
397 2117 638 2168 eiusmodi
674 2118 951 2184 opinionem
986 2117 1044 2167 iis
1081 2115 1238 2167 solum
1275 2114 1348 2166 fas
1399 2120 1475 2166 est
1506 2113 1786 2165 concedere
1805 2151 1818 2178 ,
1870 2113 1951 2179 qui
2005 2126 2168 2179 neque
2213 2129 2386 2162 rerum

88 2213 309 2275 naturis,
343 2223 504 2275 neque
542 2207 795 2275 analoqia,
833 2200 995 2273 neque
1030 2212 1145 2271 ipsa
1177 2211 1496 2271 eoeperientia
1540 2209 1925 2257 commoventur.
1997 2203 2129 2255 Haec
2175 2218 2387 2270 namque

89 2300 250 2349 omnia
283 2300 324 2325 ¹⁶
367 2298 428 2349 ad
464 2299 754 2351 evidentiam
776 2314 932 2366 usque
970 2298 1323 2365 demonstrant,
1360 2298 1655 2364 nonnmagis
1681 2296 1790 2349 sine
1812 2293 2074 2370 efficiente
2112 2301 2385 2360 conspicua

197 2493 267 2555 ¹⁴)
302 2494 439 2549 Quam
473 2489 556 2553 τὴν
578 2489 718 2551 δόξαν
746 2495 1190 2557 christus-,nominat,

88 2582 348 2627 Ammonius
399 2583 442 2626 in
490 2582 679 2642 Catena,
739 2583 1090 2644 Theophylactus
1147 2586 1192 2630 in

90 2670 431 2728 Commentario,
469 2676 513 2715 et
548 2669 788 2728 Gregorius
822 2675 1037 2738 nyssenus
1071 2674 1190 2719 hom.

88 2757 184 2804 XV.
232 2759 276 2803 in
323 2758 448 2807 Cant.
497 2758 803 2827 Canticorum,
834 2742 1194 2822 interpretantur

87 2845 143 2890 de
178 2845 570 2907 Spiritu-sancto,
607 2861 734 2905 quem
770 2848 967 2894 Christus
1002 2850 1192 2896 donarit.

89 2933 151 2985 At
184 2934 297 2996 mihi,
325 2934 462 2993 longe
497 2941 566 2980 est
608 2936 883 2994 probabilius
930 2952 1009 2998 per
1053 2931 1194 2995 δόξαν

87 3023 274 3081 intelligi
309 3022 568 3080 υἱοθεσίαν,
603 3024 658 3069 de
694 3039 776 3083 qua
811 3038 958 3071 sermo
994 3033 1063 3072 est
1092 3028 1192 3074 Joh.

88 3110 122 3155 I.
151 3109 225 3171 12,
262 3111 294 3156 1.
319 3111 420 3158 Joh.
443 3111 517 3158 ΙΙΙ.
545 3113 590 3174 2,
628 3119 671 3158 et
706 3114 830 3158 Rom.
856 3114 971 3160 VIII.
999 3114 1074 3162 17.
1127 3115 1192 3161 Cf.

88 3198 315 3243 Heinsium
350 3200 394 3245 in
427 3199 686 3246 Aristarcho
721 3214 874 3263 sacro,
912 3215 1008 3262 cap.
1033 3203 1191 3264 XXVI,

87 3291 133 3331 et
167 3287 395 3332 Suicerum
430 3288 485 3333 ad
519 3303 560 3334 v.
597 3281 725 3345 δόξα.

197 3375 267 3435 ¹⁵)
323 3375 560 3435 Desumpta
620 3378 706 3423 ista
759 3383 859 3423 sunt
901 3392 933 3423 e¹
971 3378 1193 3424 Clemente

89 3463 397 3523 alexandrino,
443 3448 514 3522 qui
549 3466 593 3510 in
627 3466 1041 3526 v1.·stromat..§.
1075 3467 1191 3513 XIII.

88 3551 269 3611 scribit,
316 3551 459 3596 videri
494 3553 580 3599 sibi
619 3557 964 3614 progressiones
1009 3548 1192 3601 ἐπισκό-

86 3651 210 3695 πων,
256 3636 570 3702 πρεσβυτέρων
600 3641 677 3687 καὶ
709 3636 929 3690 διακόνων
975 3657 1076 3690 esse
1119 3659 1191 3705 μι-

86 3718 279 3787 μήματα
313 3719 547 3789 ἄγγελικῆς
579 3724 727 3791 δόξης.

196 3814 265 3876 ¹⁶)
311 3817 388 3862 Sic
433 3819 613 3864 omnino
656 3820 799 3865 visum
846 3833 944 3866 esse
980 3821 1193 3880 antiquis-

88 3903 213 3947 simis
247 3904 474 3967 patribus,
524 3907 726 3969 Ignatio,
769 3896 978 3971 Irenaeo,
1026 3909 1193 3955 Tertul-

86 3989 231 4052 liano,
270 3991 516 4056 Cypriano,
553 3996 738 4056 aliisque
775 4010 863 4043 non
898 3998 1085 4044 affirmat
1118 4010 1194 4043 so-

86 4078 187 4142 lum,
224 4094 374 4127 verum
400 4083 529 4128 etiam
564 4096 715 4130 eorum
751 4085 955 4146 allegatis
991 4087 1195 4133 testimo·-

1275 2497 1361 2542 niis
1422 2497 1651 2542 confirmat
1704 2495 1962 2541 Laurentius
2016 2492 2285 2538 Moshemius
2343 2494 2387 2538 in

1274 2586 1392 2631 Diss.
1435 2583 1979 2642 theologico—historica,
2035 2581 2109 2627 De
2151 2581 2387 2626 Gallorum

1277 2672 1660 2734 appellationibus
1719 2673 1784 2718 ad
1841 2670 2088 2717 concilium
2140 2672 2386 2717 universae

1277 2763 1526 2820 ecclesiae,
1571 2762 1794 2807 unitatem
1839 2760 2063 2806 ecclesiae
2095 2758 2388 2818 speetabilem

1277 2849 1548 2897 tollentibus.
1603 2848 1666 2895 At
1700 2849 1922 2908 quomodo
1957 2847 2134 2893 scinde
2168 2839 2386 2906 expedit?

1277 2953 1328 2984 ea
1364 2940 1563 2999 ratione,
1609 2951 1738 2996 quam
1774 2950 1909 2995 aegre
1951 2936 2237 2982 divinaveris.
2307 2936 2388 2982 Ait

1276 3028 1421 3086 enim,
1469 3027 1654 3072 latuisse
1688 3031 1863 3085 patres,
1912 3036 1998 3083 quo
2046 3026 2282 3070 constituta
2330 3025 2384 3069 ab

1277 3116 1389 3175 ipsis
1424 3116 1642 3175 principia
1677 3118 1952 3174 spectarent,
1989 3127 2203 3172 quamque
2238 3128 2295 3158 ex
2328 3114 2384 3158 iis

1275 3216 1460 3262 pronum
1507 3208 1654 3264 esset,
1713 3181 1963 3261 supremam
2007 3202 2135 3246 unius
2181 3202 2384 3260 primatis

1275 3293 1584 3338 auctoritatem
1619 3292 1835 3337 stabilire.
1902 3291 1992 3337 Sed
2027 3290 2252 3349 ipsissima
2288 3291 2382 3335 eius

1273 3379 1410 3425 verba
1447 3380 1719 3439 accipiantur
1753 3394 1809 3425 ex
1846 3378 1889 3439 §.
1921 3378 2047 3424 XIII:
2104 3377 2385 3438 „Nesciverit

1275 3467 1520 3527 Cyprianus
1556 3474 1601 3513 et
1634 3469 1804 3528 reliqui·
1824 3466 2113 3525 consectaria,
2150 3479 2262 3524 quae
2285 3480 2382 3511 cum

1275 3568 1427 3600 eorum
1451 3557 1685 3602 coniuncta
1709 3562 1810 3602 sunt
1832 3555 2082 3615 praeceptis
2102 3554 2157 3599 de
2176 3554 2380 3600 ecclesia.

1274 3643 1323 3689 Id
1356 3657 1466 3689 vero
1502 3645 1607 3704 quin
1642 3645 1829 3705 sentiat,
1872 3656 2002 3688 nemo
2037 3655 2148 3687 unus
2183 3648 2271 3687 tam
2306 3643 2384 3688 he-

1274 3733 1354 3778 bes
1390 3747 1490 3779 esse
1523 3739 1701 3794 potest,
1750 3734 1864 3778 inter
1897 3731 2110 3776 unitatem
2146 3731 2380 3789 quamdam

1273 3822 1509 3867 universae
1570 3821 1787 3868 ecclesiae
1838 3820 1882 3864 in
1933 3831 2117 3864 romano
2171 3819 2382 3878 pontifice

1275 3909 1575 3970 desinentem,
1622 3909 1842 3967 talemque
1885 3907 2057 3966 qualem
2098 3920 2156 3952 ex
2198 3907 2380 3953 Irenaeo

1265 4003 1321 4044 ‘et
1354 3996 1576 4058 Cypriane
1620 3996 1957 4056 descripsimuS,
2005 3995 2377 4054 communitatem,

1275 4088 1355 4134 vix
1404 4092 1572 4133 tantum
1625 4098 1724 4132 esse
1774 4084 1940 4148 spatii,
2004 4087 2212 4144 quantum
2266 4083 2380 4138 inter
