2574 4276
1150 133 1389 188 CAPUT
1458 134 1526 184 11.
2421 136 2486 184 43

192 277 332 337 Quod
375 276 606 343 loquendi
654 290 768 327 usus
808 274 1190 327 ecclesiasticus
1241 282 1289 328 et
1325 274 1538 327 biblicus
1574 274 1799 327 ostendit.
1871 273 1956 326 Ille
2006 275 2200 340 quidem
2226 276 2292 339 ²⁶,
2341 288 2487 340 quum

192 374 503 418 monumenta
539 367 799 418 christiana
835 368 1090 433 universa,
1129 368 1324 436 synodi,
1362 367 1612 434 liturgiae,
1652 366 1908 432 homiliae,
1948 366 2208 432 epistolae,
2244 371 2487 429 tractatuS,

191 459 540 525 commentarii,
581 458 780 525 scholia,
818 460 1157 525 inscriptiones
1193 474 1292 509 non
1328 459 1422 509 alio
1460 458 1615 509 ferme
1652 459 1848 509 nomine
1887 472 2031 523 quam
2055 456 2183 507 Petri
2220 462 2269 507 et
2294 455 2488 522 Cephae

192 550 440 603 Simonem
488 549 722 601 Johannis
769 549 916 600 filium
960 551 1248 617 significent.
1321 550 1532 601 Biblicus
1576 564 1723 615 vero,
1774 555 1822 599 et
1863 562 2016 614 penes
2063 549 2326 616 scriptores
2360 547 2490 598 θεο-

190 640 474 700 πνεύστους
510 648 754 708 recethS,
793 657 940 707 quum
969 642 1142 694 Paulus
1179 657 1278 692 non
1317 643 1473 693 semel
1495 645 1539 668 ²⁷
1581 641 1773 707 Cephae
1810 641 2006 690 nomine
2030 641 2077 665 ²⁸
2119 638 2367 691 Simonem
2405 638 2490 688 de-

191 734 380 799 signet,
414 732 683 783 Matthaeus
709 738 868 784 autem
892 734 957 797 ²⁹,
994 732 1171 797 reliqui
1197 734 1529 799 evangelistae
1552 734 1617 799 ³⁰,
1655 748 1714 783 ac
1737 733 1942 798 ipsemet
1963 730 2131 784 Simon
2152 733 2195 756 ³¹
2228 745 2326 780 non
2352 729 2507 781 aliter·

193 838 253 874 eo
290 830 483 874 utantur
519 824 842 890 cognomine,
881 837 938 873 ac
974 824 1015 873 si
1052 822 1263 875 Simonis
1299 824 1545 889 proprium
1569 826 1615 849 ³²
1656 829 1705 874 et
1741 821 2058 887 διακριτικὸν
2091 822 2340 873 extitisset.

373 919 450 965 15.
526 914 624 967 Sed
658 917 753 964 iam
792 911 1010 964 alterum
1049 913 1258 978 spectari
1295 912 1458 977 debet,
1497 919 1545 963 et
1581 913 1854 963 accuratius
1887 914 2082 979 inspici,
2121 927 2217 979 quo
2252 912 2494 979 pertineat

197 1007 351 1057 oratio
388 1005 562 1057 Christi
600 1004 848 1057 Simonem
885 1003 1207 1068 alloquentis:
1246 998 1312 1054 σύ
1350 1003 1593 1072 κληθήσῃ
1628 1000 1848 1072 Κηφᾶς.
1921 1004 2055 1055 Idem
2091 1005 2316 1069 nimirum
2350 1003 2495 1071 valet,

192 1114 250 1150 ac
287 1104 344 1147 tu
378 1102 481 1146 eris
521 1093 748 1159 cephas.-
798 1094 928 1161 quod
961 1095 1264 1160 συνωνυμιόι
1300 1095 1471 1146 suadet
1506 1096 1555 1145 in
1599 1094 1758 1145 bibliis
1802 1092 2194 1158 frequentissima
2229 1095 2493 1145 verborum

190 1188 518 1254 σημαντικῶν
566 1187 654 1237 καὶ
697 1183 999 1237 οὐσιώδωνε
1047 1191 1095 1236 et
1141 1185 1284 1252 plane
1331 1186 1576 1236 convincit
1621 1191 1783 1236 textus
1808 1185 1854 1210 ³³
1893 1183 2007 1234 huic
2055 1188 2112 1235 ἐκ
2156 1171 2494 1252 πἀροιλλήλου

188 1278 508 1345 respondem,
543 1274 608 1328 οὐ
645 1272 694 1328 εἶ
727 1275 957 1342 Πέτρος,
995 1284 1051 1328 tu
1094 1295 1163 1340 es,
1202 1293 1365 1344 neque
1400 1277 1558 1328 solum
1594 1276 1786 1340 diceriS,
1824 1272 2034 1325 Petrus.
2108 1276 2245 1327 Unde
2283 1277 2493 1345 Chryso-

190 1376 374 1420 stomus
396 1370 441 1395 ³⁴
480 1368 541 1419 de
568 1369 712 1419 Petro
737 1369 824 1418 ait:
862 1365 892 1431 ἡ
918 1370 1102 1436 κρηπὶς
1141 1370 1231 1432 τῆς
1265 1368 1565 1430 ἐκκλησίας,
1593 1369 1621 1418 ό
1648 1367 1809 1427 ὅντως
1834 1365 2043 1432 Πέτρος
2069 1368 2158 1418 καὶ
2183 1370 2254 1436 τῷ
2280 1370 2494 1434 ὀνόματι

189 1462 276 1512 καὶ
318 1460 395 1528 τῷ
437 1456 733 1527 πράγματα
777 1458 921 1510 basis
954 1459 1045 1510 illa
1085 1459 1358 1522 ecclesiae,
1409 1476 1528 1508 vere
1564 1456 1783 1521 Petrus,
1831 1475 1986 1523 qzcum
2021 1465 2246 1522 nomine,
2295 1466 2402 1510 tum
2437 1476 2494 1509 re

187 1559 301 1617 ipsa
338 1558 482 1618 atque
517 1552 828 1618 proprietate.

372 1646 449 1693 16.
529 1639 759 1693 Tertium
795 1643 1015 1696 succedit
1047 1644 1097 1694 in
1134 1657 1195 1694 eo
1231 1643 1401 1709 situm,
1451 1643 1650 1694 nomina
1688 1643 1912 1695 divinitus
1948 1643 2188 1710 promissa
2224 1648 2370 1708 atque
2405 1642 2493 1691 im-

187 1736 341 1802 posita
377 1735 508 1787 taciti
542 1734 694 1785 instar
731 1735 941 1785 vaticinii
973 1734 1198 1784 habenda
1235 1749 1375 1801 esse,
1424 1750 1520 1802 quo
1558 1735 1711 1802 illius,
1761 1735 1839 1785 oui
1883 1750 2064 1785 nomen
2098 1734 2389 1801 promittitur
2423 1739 2492 1783 at-

190 1842 285 1892 que
314 1825 549 1890 tribuitur,
589 1824 812 1892 dignitaS,
852 1826 1157 1891 excellentia,
1196 1825 1429 1892 officium,
1469 1826 1688 1892 qualitaS,
1728 1842 1885 1893 eaque
1908 1827 2103 1893 propria
2134 1825 2490 1876 adumbrantur.

190 1916 265 1966 Ac
301 1917 349 1966 in
384 1915 543 1966 bibliis
579 1915 817 1983 profectO,
856 1934 884 1968 e
923 1917 1096 1984 quibus
1120 1920 1166 1945 ³⁵
1206 1917 1369 1968 iudicii
1400 1919 1556 1968 nostri
1574 1919 1697 1968 ratio
1724 1919 1963 1970 sumenda
1991 1925 2080 1985 est,
2120 1918 2203 1967 vix
2238 1915 2492 1980 contingit,

191 2013 242 2058 at
276 2022 403 2059 nova
439 2008 778 2073 promittantur
814 2015 863 2060 et
898 2009 1212 2061 conferantur
1243 2011 1441 2061 nomina
1463 2012 1531 2076 ³⁶,
1571 2009 1852 2076 Abrahami,
1891 2011 2112 2076 Israelis,
2155 2009 2321 2074 Sarae,
2358 2007 2492 2071 Jesu,

189 2099 304 2165 quin
338 2099 600 2166 praecipua
637 2101 821 2166 munia,
863 2101 1237 2168 singularesque
1275 2101 1467 2152 illorum
1505 2101 1645 2153 dotes
1676 2102 2036 2169 significentur,
2073 2102 2154 2168 qui
2191 2116 2303 2151 eum
2338 2100 2493 2149 hono-

190 2206 296 2244 rem
331 2190 463 2240 nacti
501 2195 624 2242 sunt.
695 2190 775 2242 Ad
808 2208 915 2243 rem
953 2207 1076 2259 ergo
1117 2194 1362 2259 pertinent
1408 2207 1533 2258 quae
1569 2193 1784 2245 ,lustinus
1809 2196 1855 2220 ³⁷
1898 2200 2063 2244 notat:
2138 2192 2314 2259 „Quod
2346 2207 2495 2242 unum

191 2298 255 2334 ex
291 2282 549 2348 apostoliS,
595 2289 777 2333 mutato
823 2286 1051 2350 nomine,
1098 2284 1293 2336 Petrum
1333 2286 1605 2352 appellasse
1652 2285 1849 2352 dicitur,
1897 2292 2043 2352 atque
2081 2286 2130 2335 in
2166 2284 2494 2352 apostolorum

194 2374 555 2424 commentariis
598 2373 647 2423 id
690 2389 883 2441 quoque
930 2374 1170 2442 refertur3
1231 2376 1459 2443 quodque
1505 2383 1762 2444 praeterea
1811 2377 1933 2428 duos
1982 2377 2103 2428 alios
2151 2376 2326 2428 fratres
2372 2374 2496 2426 filios

298 2567 371 2628 25)
406 2567 508 2613 Joh.
544 2567 577 2612 1.
616 2568 694 2614 42.
1489 2574 1563 2634 ³¹)
1599 2574 1633 2618 Ι.
1658 2574 1772 2619 Petr.
1797 2574 1829 2619 1.
1859 2574 1914 2636 13
1947 2574 2000 2620 II.
2026 2575 2141 2620 Petr.
2167 2575 2199 2619 Ι.
2230 2573 2271 2619 1.

297 2655 369 2715 ²⁶)
407 2655 647 2710 Quominus
672 2657 862 2703 referam
885 2660 1147 2705 nominatim
1171 2662 1299 2707 locos
1488 2676 1562 2737 ³2)
1598 2677 1710 2722 Hinc
1744 2691 1979 2736 numquam
2024 2677 2140 2723 petri
2182 2689 2341 2720 nomen
2383 2675 2495 2732 legi-

191 2743 280 2787 (1Πο
315 2743 568 2805 impediunt>
605 2745 671 2789 rei
705 2747 955 2808 prolixitas,
993 2750 1172 2809 eiusque
1207 2752 1301 2797 GVi·
1387 2778 1482 2810 mus
1529 2771 1603 2811 aut
1645 2765 1870 2825 audimus,
1921 2767 2026 2824 quin
2062 2765 2117 2811 de
2151 2764 2334 2810 Simone
2370 2764 2497 2821 cogi-

194 2829 356 2876 dentia.

294 2918 368 2979 27)
405 2918 438 2964 1.
453 2917 556 2964 cor.
581 2919 614 2965 1.
643 2919 817 2981 12,111.
843 2922 921 2983 22,
952 2923 1027 2969 1x.
1054 2927 1099 2983 5,
1131 2925 1228 2970 xv.
1250 2928 1302 2987 53

196 3004 287 3051 Gai.
323 3006 375 3051 Π.
415 3006 461 3052 9.

294 3094 367 3154 ²⁸)
413 3094 582 3141 Abnuit
616 3096 892 3143 Marcellinus
927 3100 1217 3145 Molkenbuhr
1258 3103 1301 3145 in

194 3180 299 3227 diss.
333 3184 510 3242 critica,
554 3185 689 3242 Quod
721 3185 918 3246 Cephas,
968 3203 1097 3248 quem
1131 3189 1302 3235 Paulus

198 3268 295 3314 Gal.
312 3270 372 3315 ΙΙ.
389 3270 451 3316 11.
481 3272 735 3334 redarquit,
770 3288 864 3320 non
896 3277 956 3321 sit
987 3276 1146 3323 Petrus
1179 3292 1299 3338 apo-

195 3356 346 3415 stolus,
380 3361 690 3420 contenditque
724 3377 766 3407 n.
797 3361 872 3408 13.
906 3364 1080 3410 Petrum
1111 3367 1154 3411 in
1168 3366 1299 3412 'libris

195 3443 246 3487 N.
279 3443 328 3489 T.
359 3459 591 3506 numquam
628 3449 819 3509 Cepham
857 3452 1084 3511 appellari.

1386 2858 1542 2898 temus.

1490 2955 1564 3016 33)
1601 2955 1754 3001 lllatth.
1790 2955 1906 3000 XVI.
1948 2954 2022 3000 18.

1492 3057 1567 3119 34)
1602 3059 1765 3104 Homil.
1801 3060 1844 3104 in
1877 3059 1919 3103 h.
1955 3059 1984 3102 l.
2053 3057 2222 3103 Eodem
2267 3058 2351 3101 ista
2396 3069 2496 3114 per-

1387 3149 1525 3192 tinent
1571 3146 1721 3205 Cyrilli
1774 3146 2049 3192 alexandrini
2102 3147 2146 3190 in
2199 3144 2299 3190 Joh.
2335 3145 2368 3189 I.
2406 3144 2495 3189 40:

1389 3228 1678 3297 Φερωνύμως
1720 3233 1769 3280 δὲ
1813 3226 1909 3280 dmi
1955 3232 2038 3294 τῆς
2083 3232 2254 3292 πέτρας
2300 3224 2495 3292 μετωνό-

1383 3319 1500 3385 μαζε
1533 3321 1741 3383 Πέτρον·
1797 3320 1869 3368 ἐπ’
1916 3314 2046 3381 αὐτῷ
2087 3315 2175 3384 γάρ
2220 3315 2375 3381 ἔμελλε
2415 3313 2498 3381 τὴν

1384 3403 1529 3459 αὑτοῦ
1562 3406 1808 3472 θεμελιοῦν
1842 3408 2096 3470 ἐκκλησίαν.

301 3532 375 3592 ω)
421 3534 568 3582 Matth-
604 3538 680 3583 lv·
720 3537 805 3598 18,
859 3538 974 3585 vm·
1015 3539 1098 3600 14,
1152 3541 1207 3586 X·
1243 3542 1297 3603 27
1486 3513 1561 3575 35)
1595 3514 1720 3559 Unde
1746 3526 1927 3573 operam
1950 3513 2198 3573 perderent,
2223 3513 2297 3571 qui
2322 3511 2496 3556 aliunde

197 3618 312 3664 XIV.
349 3618 567 3686 28—297
608 3625 706 3672 xv,
746 3625 829 3686 15⁷
882 3627 1000 3673 XVI·
1041 3627 1299 3675 16—13—
1384 3617 1512 3662 quam
1551 3616 1576 3647 e
1610 3602 1764 3647 bibliis
1798 3601 1882 3645 hac
1916 3600 1970 3645 de
2004 3613 2053 3644 re
2089 3599 2420 3646 arbitrarentur.

197 3705 417 3768 22—-23,
455 3707 590 3757 XVII,
630 3711 1051 3776 1.--4--24-267
1090 3751 1100 3761 ,
1123 3750 1134 3761 ,
1157 3752 1199 3763 ..
1487 3703 1562 3764 ³⁶)
1608 3703 1858 3762 Insequenti
1903 3704 2046 3761 capite
2090 3701 2367 3761 expoliemus
2408 3702 2491 3746 ista

299 3794 373 3854 ³⁰)
407 3795 538 3842 Marc.
571 3798 644 3846 ΠΙ.
684 3801 768 3863 16,
814 3803 929 3849 vm,
955 3804 1298 3868 29-32--337
1383 3793 1652 3850 diligentius

194 3881 269 3927 IX·
310 3881 438 3927 ¹-4
462 3917 473 3928 ·
496 3917 508 3928 ·
528 3917 539 3929 ·
559 3900 600 3949 ·3
639 3888 740 3935 1⁴⁰⁰·
764 3891 819 3936 V·
844 3892 900 3951 8,
946 3892 1022 3938 vl.
1051 3891 1138 3953 14,
1183 3894 1298 3940 vm.
1487 3894 1562 3954 37)
1595 3893 1773 3951 Dialog.
1810 3905 1906 3937 cum
1945 3892 2106 3952 Tryph.
2143 3906 2184 3938 n.
2215 3890 2323 3936 106.
2386 3888 2492 3934 Cum

198 3970 573 4035 45—51....;
624 3975 725 4023 Joh.
760 3978 794 4023 1.
831 3979 921 4039 44,
973 3981 1049 4026 VI.
1085 3980 1297 4044 8—-69,
1383 3983 1454 4029 his
1475 3993 1586 4028 vero
1609 3981 1799 4026 conferri
1824 3981 1989 4027 utiliter
2009 3986 2196 4039 possunt
2219 3992 2331 4038 quae
2355 3978 2493 4036 Chry-

194 4057 308 4105 Xlll.
334 4059 391 4120 6,
424 4059 581 4108 XVIII.
609 4061 1066 4115 10-11--15--16
1384 4075 1610 4118 sostomus
1645 4070 1803 4117 scribit
1831 4069 1882 4117 in
1913 4069 2015 4115 Joh.
2052 4068 2182 4115 Hom.
2211 4066 2327 4113 XIX.
