2574 4276
1042 137 1284 192 CAPUT
1354 136 1476 191 XII.
2304 130 2404 178 109

840 492 1388 572 CAPUT
1522 489 1650 567 ΧΠ.

635 678 710 731 De
759 680 935 732 eadem
984 675 1422 746 evanqelistarum
1471 673 1726 726 scribendi
1781 677 2008 733 ratione,
2072 686 2205 734 quae
2258 671 2406 718 novis

454 770 701 838 eaeemplis
722 769 1047 822 illustratur.-
1082 798 1150 805 —
1188 767 1249 818 de
1271 763 1503 833 cataloqo
1527 762 1883 829 apostolorum,
1922 758 2109 812 Matth.
2139 756 2211 810 X.
2249 759 2408 821 2—5,

457 861 623 916 Marc.
663 860 772 913 111.
813 861 1059 922 16-20,
1106 855 1236 908 Luc.
1286 852 1381 907 VI.
1423 855 1674 917 14—17,
1712 851 1831 905 Act.
1869 851 1917 904 Ι.
1956 855 2057 903 13.·
2092 882 2162 890 -
2197 854 2407 923 quanto-

446 972 567 1020 pere
602 959 638 1004 ii
662 951 944 1021 fallantur,
982 954 1070 1015 qui
1107 964 1358 1000 caussam
1392 949 1664 1011 antepositi
1687 942 1839 995 Petri
1875 962 1902 994 e
1933 949 2160 1008 primatu
2202 946 2408 1004 aetatis,

454 1050 834 1110 vocationisque
857 1043 1156 1094 desumunt.-
1193 1070 1261 1078 —
1297 1038 1359 1089 de
1371 1036 1624 1106 formula,
1662 1053 1765 1101 qua
1788 1033 2002 1097 Petrus,
2036 1032 2225 1085 Matth.
2256 1030 2329 1088 Χ.
2359 1033 2409 1094 2,

454 1139 663 1204 πρῶτος
707 1133 1004 1199 simpliciter
1050 1135 1409 1195 nuncupatur.-
1444 1159 1512 1166 —
1548 1125 1731 1179 Bezae
1767 1133 1817 1177 et
1852 1124 2050 1177 Glassii
2098 1131 2410 1194 commenta.-

454 1259 522 1266 —
575 1223 918 1292 refelluntur.-
985 1254 1053 1261 —
1119 1222 1181 1274 de
1233 1227 1297 1272 iis
1353 1238 1485 1286 quae
1543 1218 1794 1271 habentur
1848 1213 2036 1268 Matth.
2092 1213 2292 1266 XVII.
2347 1219 2408 1276 1,-

455 1315 626 1369 Maro.
676 1313 733 1368 V.
774 1318 866 1377 37,
912 1310 1087 1364 Χ111.
1129 1316 1186 1375 3,
1232 1310 1393 1363 XJV.
1434 1315 1534 1374 33,·
1580 1301 1706 1362 Lu'c.
1751 1304 1911 1360 V111.
1948 1310 2046 1370 51,
2098 1303 2303 1356 ΧΧΙΙ.
2341 1308 2405 1369 s,-

452 1406 574 1459 Joh.
621 1403 792 1458 XXI.
832 1407 896 1457 2:
932 1437 1001 1443 ——
1037 1422 1109 1455 ea·
1143 1402 1222 1454 his
1260 1410 1486 1466 constat,
1526 1409 1635 1454 tum
1670 1405 1825 1452 etiam
1864 1395 2080 1449 Petrum
2116 1404 2411 1450 constanter

459 1497 725 1567 anteferri,
766 1514 919 1563 quum
953 1495 1145 1561 aliquot
1180 1494 1346 1546 solum
1383 1513 1457 1546 ea·
1495 1491 1738 1560 apostolis
1773 1496 2105 1542 nominantur
2123 1512 2139 1539 .·
2171 1521 2240 1530 —
2277 1495 2405 1540 eius-

455 1591 564 1643 dem
596 1606 727 1655 prae
759 1587 1002 1653 apostolis
1042 1585 1369 1649 eoecellentia,
1404 1591 1666 1652 potiorque
1698 1583 1922 1652 diqnitas
1958 1580 2314 1649 confirmatur.

287 1828 400 1876 122.
469 1779 563 1873 Ea
600 1827 675 1872 est
710 1819 955 1871 scribendi
988 1819 1145 1871 forma
1183 1835 1242 1870 ac
1276 1819 1415 1884 rati0‚
1460 1833 1586 1884 quae
1626 1830 1790 1881 neque
1825 1815 1917 1865 rite
1956 1813 2209 1881 cognosci,
2248 1828 2410 1879 neque

106 1923 214 1984 apte
249 1915 438 1968 definiri
471 1913 610 1965 aliter
644 1918 829 1978 potest,
877 1927 1021 1977 quam
1069 1911 1268 1977 prolatis
1304 1910 1355 1960 in
1390 1908 1604 1959 medium
1641 1906 1904 1972 exempliS,
1954 1920 2080 1972 quae
2127 1905 2259 1956 illam
2297 1921 2410 1971 ape-

107 2011 234 2060 riunt
269 2024 327 2059 ac
362 2006 623 2059 declarant.
697 2002 853 2062 Quum
898 2002 1060 2067 itaque
1097 2001 1147 2051 in
1192 2016 1253 2052 eo
1290 2001 1440 2052 simus
1466 2002 1476 2026 ¹
1502 2039 1515 2066 ,
1560 2004 1612 2048 ut
1661 1997 1962 2065 singularem
2000 1997 2412 2065 evangelistarum

110 2099 171 2150 de
205 2099 348 2150 Petro
385 2095 629 2149 scribendi
663 2095 901 2144 rationem
939 2092 1289 2159 adprobemus3
1326 2092 1376 2142 id
1414 2106 1527 2142 esse
1565 2089 1705 2140 nohis
1742 2089 2126 2155 antiquissimum
2164 2088 2324 2154 debet,
2361 2092 2414 2137 ut

111 2189 442 2256 exemplorum
476 2201 746 2252 numerum,
787 2199 882 2251 quo
908 2185 1119 2235 maxime
1143 2197 1420 2251 possumus,
1458 2179 1820 2248 amplificemus.
1892 2179 1951 2232 Et
1985 2195 2245 2247 possumus
2276 2196 2411 2246 sane,

114 2294 258 2345 quum
294 2280 490 2329 omnino
528 2279 622 2329 sint
654 2276 873 2343 plurima,
913 2292 1037 2342 quae
1075 2280 1344 2343 suppetunt.
1416 2273 1456 2323 E
1494 2272 1667 2339 quibus
1681 2271 1964 2348 ,egregium
2000 2271 2116 2323 illud
2154 2279 2242 2339 est,
2286 2272 2416 2338 quod

113 2369 162 2418 in
209 2369 474 2436 evangeliis
496 2371 547 2435 ²,
598 2367 831 2434 Actisque
852 2370 869 2394 ³
935 2366 1168 2433 habetur,
1214 2381 1362 2432 quum
1398 2378 1569 2415 omnes
1617 2377 1843 2414 seorsum
1891 2364 2097 2429 apostoli
2134 2370 2412 2430 censentur,

112 2459 400 2526 illorumque
449 2459 698 2527 catalogus
746 2465 971 2511 accurate
1014 2459 1206 2512 texitur.
1280 2457 1334 2507 Id
1379 2456 1509 2506 enini
1548 2469 1695 2521 quum
1732 2460 1914 2519 quater
1947 2453 2056 2522 fiat,
2103 2455 2272 2506 Petrus
2310 2470 2415 2506 om-

116 2551 246 2601 nium
282 2552 462 2617 primus
513 2556 808 2602 constanter
851 2556 1156 2616 numeratur,
1206 2549 1443 2614 locusque
1478 2547 1707 2614 princeps
1747 2552 2041 2597 constanter
2075 2546 2142 2597 illi
2180 2545 2411 2597 defertur.

113 2640 257 2693 Cuius
292 2642 343 2694 in
377 2642 692 2708 numerand0‚
732 2641 1076 2708 censendoque
1114 2642 1414 2693 constantiae
1451 2639 1493 2690 si
1530 2653 1752 2690 caussam
1786 2654 1815 2690 a
1850 2637 2227 2704 protestantibus
2266 2651 2415 2703 quae-

111 2731 277 2798 sieriS,
326 2732 451 2784 hanc
487 2733 546 2784 ab
583 2732 676 2785 illis
699 2735 713 2759 ⁴
770 2747 867 2783 uno
903 2732 1049 2783 veluti
1087 2747 1174 2783 ore
1209 2731 1448 2783 redditam
1486 2731 1684 2782 audies:
1736 2719 1953 2797 „idcirco
1998 2730 2206 2795 primum
2242 2743 2414 2779 nume-

110 2822 207 2872 rari
242 2822 462 2891 Petrum,
519 2826 796 2891 ceterisque
838 2825 1100 2892 praeferri,
1149 2823 1280 2891 quod
1327 2822 1542 2874 omnium
1581 2828 1714 2874 esset
1749 2828 1908 2873 aetate
1953 2821 2259 2888 provectior,
2310 2834 2414 2870 om-

111 2913 338 2979 niumque
374 2916 557 2982 primus
594 2917 655 2967 ad
690 2931 890 2983 munuS,
930 2916 1312 2984 dignitatemque
1350 2913 1666 2980 apostolicam
1702 2913 1954 2965 vocatuS.⁴‘

289 3008 401 3056 123.
474 3007 659 3075 Audi03
707 3007 797 3059 sed
844 3022 1007 3059 nonne
1055 3006 1260 3057 divinari
1304 3004 1432 3055 istud
1465 3010 1575 3068 est,
1626 3010 1675 3055 et
1709 3005 1870 3056 inania
1905 3003 2164 3071 persequi,
2213 3003 2412 3053 minime

53 3143 55 3145 .
111 3106 231 3157 vero
268 3093 536 3162 Scripturas
575 3098 831 3164 Scripturis
870 3097 1157 3165 explanare,
1213 3101 1262 3146 et
1306 3094 1450 3146 dubia
1498 3111 1556 3146 ac
1592 3096 1819 3162 impedita
1858 3097 2003 3162 ratis,
2058 3094 2414 3161 luculentisque

115 3182 349 3237 definire?
386 3188 556 3254 quibus
591 3190 720 3240 enim
756 3188 928 3240 tabulis
964 3189 1056 3255 ipsi
1090 3186 1286 3238 tandem
1314 3187 1619 3253 convincent,
1657 3186 1851 3238 Petrum
1888 3187 2015 3237 inter
2051 3186 2297 3254 apostolos
2336 3185 2417 3237 vel

115 3279 270 3326 aetate
305 3275 452 3330 fuisse
489 3281 761 3346 seniorem,
800 3279 881 3331 vel
916 3281 1174 3331 vocatione
1209 3274 1463 3345 priorem?
1537 3276 1813 3344 Scripturae
1850 3277 2072 3344 profecto
2105 3277 2186 3328 vel
2222 3276 2315 3326 hac
2352 3276 2413 3326 de

115 3378 171 3414 re
205 3370 379 3434 tacent,
415 3370 494 3420 vel
528 3371 596 3422 illi
633 3372 847 3438 opinioni
884 3371 1243 3422 contradicunt:
1283 3368 1691 3436 quemadmodum
1727 3376 1924 3423 veteres
1962 3369 2209 3421 christiani
2245 3367 2415 3418 docto-

113 3468 195 3506 res
235 3456 377 3509 dubio
412 3461 576 3526 procul
613 3462 680 3512 illi
714 3467 1003 3528 repugnant.

290 3547 546 3603 Enimvero
583 3554 708 3620 apud
742 3553 1016 3605 Johannem
1038 3556 1055 3580 ⁵
1109 3552 1345 3619 legimus:
1398 3543 1461 3614 ἦν
1496 3551 1557 3604 δὲ
1588 3553 1617 3603 ό
1657 3551 1917 3614 Φίλιππος
1951 3549 2058 3603 ἀπὸ
2093 3547 2412 3614 Βηθσαῖδά,

112 3637 170 3688 ἐκ
203 3637 290 3700 τῆς
324 3638 522 3702 πόλεως
551 3639 799 3711 Ἀνδρέου
835 3644 926 3697 καὶ
961 3643 1198 3711 Πέτρουε
1233 3642 1316 3697 ubi
1348 3642 1492 3710 plane
1530 3641 1828 3713 ἀνωμάλως
1851 3642 2078 3695 Andreas
2102 3640 2244 3693 Petro
2279 3647 2415 3693 ante-

216 3800 259 3863 ¹)
291 3814 333 3847 ¹¹·
374 3801 482 3849 116·
651 3816 661 3823 '
1399 3806 1444 3869 ⁴)
1482 3806 1644 3854 Confer
1688 3795 1816 3867 quosv
1846 3806 1957 3853 citat
1999 3805 2094 3853 Poli
2140 3806 2186 3852 in
2220 3805 2414 3866 Synopsi

216 3887 261 3950 ²)
306 3890 462 3936 Matth.
506 3889 560 3936 X.
603 3891 770 3940 2-5,
822 3895 923 3941 coll.
974 3895 1106 3941 Marc.
1142 3894 1216 3942 ΠΙ.
1300 3894 1450 3943 Critic.
1487 3895 1613 3944 Sacr.
1652 3895 1709 3941 ad
1743 3895 1893 3942 Matth.
1929 3894 1985 3943 X.
2022 3894 2069 3942 2.

119 3972 359 4040 16-20,
408 3978 511 4025 Luc.
545 3978 623 4025 VI.
661 3979 900 4030 ici—17:

219 4064 264 4129 ³)
300 4064 399 4115 Aet.
434 4067 468 4115 1.
507 4065 583 4116 13.
1403 4070 1449 4136 5)
1484 4070 1586 4118 Joh.
1624 4069 1657 4117 1.
1693 4069 1773 4116 44.
