2574 4276
1073 231 1313 286 CAPUT
1381 230 1448 283 n.
2347 228 2418 281 47

115 376 353 443 cipatione
390 389 532 426 meae
570 375 821 426 soliditatis
858 375 1120 440 immotam,
1158 381 1258 425 tum
1296 378 1518 439 superte
1547 371 1751 436 erigam,
1788 373 2109 434 extruamque
2134 368 2412 436 ecclesiam,

113 483 255 534 (suam
293 466 623 531 condendam,
664 466 1111 532 aedificandamque
1150 464 1425 516 constitui.“

285 564 366 609 20.
441 558 668 609 Ceterum
707 557 1079 624 appellationem
1115 556 1272 622 Petri,
1324 570 1468 622 quam
1504 555 1661 621 primo
1698 552 2071 620 praedicationis
2109 567 2236 603 anno
2277 553 2412 604 Chri-

108 658 208 704 stus
255 651 440 703 Simoni
485 650 796 715 promiserat,
838 649 1032 700 nonnisi
1078 648 1232 698 altero
1269 646 1336 696 illi
1381 660 1558 695 revera
1595 645 1818 710 contulit,
1870 659 2017 711 quum
2043 645 2090 670 ⁰⁵
2139 645 2345 695 secretis
2384 661 2412 695 e

110 743 452 810 discipulorum
489 755 694 791 numero
721 738 965 805 apostoliS,
1003 738 1160 802 iisque
1186 752 1283 787 una
1319 752 1430 786 cum
1454 737 1667 786 iniuncto
1694 735 1904 786 docendi
1928 750 2146 801 munere,
2172 741 2411 801 potestate

109 834 312 900 tributa,
363 848 458 899 qua
503 831 701 882 morbos
739 833 987 893 curarent,
1039 826 1394 891 daemoniaque
1433 825 1762 891 expellerent,
1807 824 2033 887 ἐπέθηκε
2080 828 2157 893 τῷ
2196 824 2412 893 Σίμωνι

112 925 282 991 ὄνομα
318 922 557 989 Πέτρου,
593 926 833 986 imposuit
865 917 1063 969 Simoni
1097 933 1276 967 nome-n
1312 912 1546 966 Petrum.
1620 915 1722 966 Hac
1759 918 1889 967 enim
1925 918 2232 983 impositione
2267 918 2413 969 fidem

111 1015 253 1065 solvit
287 1014 424 1066 hisce
461 999 723 1078 obligatam
760 1009 948 1073 verbiS,
987 1005 1054 1058 σύ
1087 1004 1325 1073 κληθήσῃ
1362 1003 1595 1075 Romania.-
1632 1013 1732 1057 tum
1762 1006 2011 1059 Simonem
2037 1024 2098 1059 eo
2125 1009 2410 1061 charactere

108 1122 135 1156 a
162 1106 348 1159 vceteris
384 1102 653 1169 discipulis,
693 1099 1022 1167 apostolisque
1063 1097 1290 1164 distinxit,
1329 1113 1425 1164 quo
1462 1105 1645 1149 tantum
1679 1096 1772 1147 illis
1811 1097 2044 1163 dignitate
2072 1101 2412 1168 praecelleret,

109 1210 203 1262 quo
249 1209 374 1245 unus
421 1195 548 1244 inter
595 1206 766 1242 omnes
803 1190 865 1241 ad
902 1189 1140 1241 Christum
1189 1191 1386 1257 propius
1436 1190 1729 1255 accedebat,
1778 1187 2010 1255 illamque
2059 1191 2110 1240 in
2145 1206 2200 1242 se
2239 1193 2414 1245 Christi

106 1286 290 1352 dotem,
337 1285 779 1351 proprietatemque
826 1281 1103 1348 referebat,
1154 1297 1248 1348 qua
1295 1281 1337 1331 is
1386 1286 1525 1346 petra
1549 1287 1674 1347 est,
1728 1295 1788 1330 ac
1837 1295 2118 1347 supremum
2167 1282 2413 1335 christiani

106 1377 266 1443 operis
302 1375 679 1426 fimdamentum.
751 1372 830 1424 Ad
853 1389 960 1424 rem
987 1372 1310 1423 Tertullianus
1333 1372 1406 1421 ⁶⁶:
1481 1371 1615 1438 „Sed
1653 1386 1740 1422 cur
1764 1370 1958 1422 Petrum
1994 1372 2224 1424 vocavit?
2268 1377 2310 1426 si
2345 1376 2408 1427 ob

104 1468 327 1534 vigorem
363 1465 502 1533 fidei,
529 1465 715 1516 'multae
751 1466 984 1516 materiae
1023 1463 1309 1529 solidaeque
1358 1478 1541 1514 nomen
1579 1463 1639 1514 de
1689 1476 1779 1515 suo
1818 1463 2260 1540 accommodarent.
2331 1467 2411 1518 An

106 1558 216 1624 quia
262 1563 310 1608 et
354 1563 491 1623 petra
539 1563 588 1607 et
634 1557 755 1622 lapis
806 1553 1058 1606 Christus?
1107 1555 1347 1622 siquidem
1393 1560 1442 1605 et
1476 1554 1687 1621 legimus
1719 1556 1930 1621 positum
1967 1571 2079 1606 eum
2116 1558 2165 1607 in
2201 1558 2411 1625 lapidem

109 1648 387 1699 offendiculi
436 1655 486 1700 et
517 1655 705 1715 petram
741 1646 982 1699 scandali:
1036 1647 1202 1698 omitto
1241 1653 1421 1698 cetera.
1493 1647 1659 1714 Itaque
1697 1645 1940 1698 affectavit
1976 1649 2229 1699 carissimo
2268 1650 2412 1701 disci-

104 1741 325 1806 pulorum
363 1740 423 1791 de
458 1740 627 1807 figuris
663 1740 763 1791 suis
795 1737 1128 1804 peculiariter
1162 1753 1344 1789 nomen
1393 1739 1782 1804 communicare,
1827 1744 1942 1806 puto
1991 1741 2216 1807 propius,
2266 1758 2410 1809 quam

106 1832 167 1882 de
203 1846 303 1882 non
340 1831 493 1883 suis.“

285 1926 367 1973 21.
439 1921 499 1972 Ut
532 1937 652 1973 vero
686 1922 876 1988 plenius
914 1923 1058 1973 etiam
1089 1921 1459 1988 evidentiusque
1494 1922 1842 1989 innotesceret,
1882 1917 1987 1989 quo'
2014 1939 2194 1976 recens
2227 1941 2407 1978 nomen

104 2015 385 2082 pertineret,
423 2020 472 2065 et
508 2015 643 2064 cuius
680 2013 923 2080 dignitatis
959 2014 1235 2064 vaticinium
1273 2020 1406 2064 esset
1442 2029 1500 2064 ac
1535 2019 1741 2079 tessera,
1778 2013 1905 2064 illius
1944 2016 2056 2083 vim,
2094 2023 2408 2083 potestatem-

106 2120 200 2171 que
232 2106 375 2156 tertio
412 2105 784 2171 praedicationis
820 2120 947 2157 anno
986 2105 1260 2172 explanavit
1293 2104 1536 2172 ChristUS,
1576 2120 1724 2171 quum
1760 2107 1973 2173 acceptis
1997 2108 2042 2134 ⁶⁷
2081 2108 2216 2174 vulgi
2253 2109 2314 2160 de
2351 2126 2406 2162 se

104 2196 315 2262 iudiciis,
355 2197 416 2247 ad
452 2196 696 2261 apostolos
721 2198 768 2223 ⁶⁸
809 2212 1104 2264 converSUS,
1144 2211 1415 2262 eorumque
1450 2196 1690 2262 postulata
1724 2199 1992 2265 sententia,
2035 2198 2285 2251 Simonem
2321 2217 2405 2252 au-

110 2288 223 2339 divit
258 2305 395 2340 suam
431 2288 508 2339 his
542 2287 704 2339 verbis
737 2287 882 2339 fidem
917 2288 1225 2355 profitentem
1249 2290 1324 2338 ⁶⁹:
1376 2281 1472 2338 Σύ
1497 2283 1548 2338 εἶ
1579 2288 1608 2338 ὁ
1632 2287 1892 2355 Χριστός,
1931 2290 1960 2340 ό
1996 2291 2108 2353 υἱὸς
2142 2294 2237 2343 τοῦ
2270 2291 2411 2344 θεοῦ

110 2378 202 2428 τοῦ
237 2377 459 2440 §samoga-
494 2386 551 2430 τα
588 2398 642 2430 es
679 2378 919 2431 Christus
947 2379 1097 2446 filius
1131 2378 1219 2430 ille
1253 2380 1532 2446 unigenitus
1569 2395 1669 2431 non
1706 2380 1909 2432 deorum
1956 2389 2274 2449 mortuorum,
2325 2385 2407 2451 qui

108 2468 226 2518 nulli
257 2476 394 2535 sunt,
448 2470 537 2521 sed
572 2476 785 2521 viventis
821 2469 941 2533 Dei,
991 2473 1169 2538 quique
1216 2486 1355 2522 suam
1401 2452 1548 2522 vitain
1584 2478 1685 2522 tum
1719 2475 1929 2524 maxime
1967 2474 2208 2541 ostendit,
2260 2491 2407 2542 quum

107 2566 154 2610 te
203 2567 313 2611 ante
363 2560 615 2612 luciferum
663 2562 845 2627 genuit.
917 2562 1152 2612 Continuo
1188 2578 1399 2629 namque
1438 2563 1645 2614 subiecit
1667 2566 1743 2614 ⁷⁰:
1818 2562 1995 2632 Κάγώ
2034 2564 2093 2616 δὲ
2131 2566 2213 2617 σοὶ
2250 2567 2404 2633 λέγω,

111 2647 188 2701 δ’τι
222 2648 286 2701 σύ
322 2648 372 2702 εἷ
416 2650 654 2719 Πέτρος,
703 2653 792 2704 καὶ
835 2652 919 2703 ἐπὶ
953 2650 1109 2720 ταύτῃ
1145 2654 1203 2720 τῇ
1239 2657 1402 2720 πέτρᾳ
1440 2652 1776 2721 οἰκοδομήσω
1827 2673 1933 2722 μου
1984 2655 2076 2719 τήν
2112 2658 2408 2720 ἐκκλησίαν.·

108 2747 158 2791 et
194 2758 284 2810 eqo
313 2749 578 2807 propterea
615 2741 705 2794 tibi
741 2744 871 2806 dico,
920 2759 981 2795 eo
1019 2745 1211 2796 dicendi
1247 2745 1421 2810 modo,
1461 2747 1542 2812 qui
1577 2762 1657 2796 me
1694 2746 2005 2814 Unigenitum
2040 2748 2220 2815 PatriS,
2260 2765 2405 2816 quem

105 2838 156 2881 tu
192 2832 443 2884 confessus
481 2849 562 2900 es,
599 2835 742 2885 unice
776 2834 934 2902 decet,
972 2842 1021 2886 et
1057 2851 1153 2902 quo
1190 2835 1316 2887 facio
1355 2852 1479 2902 quae
1518 2837 1652 2904 dicO,
1691 2839 1828 2902 quod
1862 2854 2008 2905 quum
2046 2846 2096 2890 tu
2132 2842 2205 2892 sis
2236 2847 2406 2893 natura

108 2921 298 2990 Simon,
334 2925 429 2975 iam
465 2942 519 2975 es
556 2926 711 2991 gratia
746 2932 795 2976 et
830 2926 1150 2977 destinatione
1178 2924 1409 2991 Petrus,
1448 2911 1718 2995 saxumque
1755 2929 2108 2998 firmissimum,
2149 2933 2278 2983 unde
2316 2951 2405 2983 su-

108 3030 198 3076 per
244 3012 372 3065 hanc
412 3023 639 3080 petram,
688 3017 880 3083 qualem
927 3024 975 3069 te
1025 3033 1138 3070 esse
1187 3018 1328 3085 volO,
1382 3018 1662 3086 aedificabo
1696 3019 1966 3073 ecclesiam
2001 3041 2176 3073 meam.
2251 3024 2405 3084 Quam

111 3106 458 3169 expositionem
495 3107 714 3174 obviam,
752 3109 1085 3175 perspicuam,
1125 3124 1190 3160 ex
1221 3110 1324 3175 ipsa
1360 3112 1592 3163 orationis
1628 3113 1760 3164 serie
1798 3113 1990 3165 ductam
2009 3154 2020 3176 ,
2062 3120 2110 3165 et
2147 3130 2256 3165 cum
2295 3130 2405 3166 ver-

110 3191 278 3245 borum
300 3199 342 3223 ⁷¹
396 3200 690 3264 proprietate
738 3199 1111 3266 cohaerentem,
1171 3201 1235 3251 ita
1281 3200 1606 3270 Hieronymus
1631 3207 1676 3230 ‘²
1740 3205 2025 3272 complexus
2073 3212 2173 3257 est:
2248 3207 2406 3272 „Quid

112 3288 210 3348 est,
258 3286 383 3351 quod
418 3289 506 3339 ait:
557 3295 606 3340 et
642 3306 731 3358 eqo
766 3290 876 3341 dico
908 3289 1039 3342 tibi?
1085 3306 1184 3342 non
1220 3307 1451 3344 sermone
1488 3309 1654 3361 casso,
1708 3301 1757 3346 et
1786 3296 1970 3347 nullum
2006 3296 2217 3348 habente
2254 3313 2404 3365 opus,

110 3372 199 3423 sed
246 3373 352 3426 dico
393 3379 503 3442 tibi,
553 3381 665 3447 quia
710 3396 872 3431 meum
921 3382 1128 3448 dixisse,
1177 3382 1356 3435 fecisse
1404 3392 1502 3453 est,
1552 3391 1672 3451 quia
1704 3393 1762 3438 tu
1796 3405 1851 3438 es
1889 3385 2087 3440 Petrus
2108 3428 2121 3452 ,
2164 3395 2212 3440 et
2247 3406 2406 3454 super

217 3552 290 3614 aa)
325 3554 454 3601 Marc.
487 3557 559 3604 111.
599 3559 824 3607 13—16.
1397 3563 1471 3626 ⁶⁹)
1507 3565 1619 3613 Ibid.
1655 3581 1699 3613 v.
1740 3566 1815 3614 16.

212 3661 285 3723 66)
323 3662 429 3708 Con.
464 3666 667 3735 Marcion.
718 3671 795 3716 lib.
832 3670 908 3716 lv.
951 3684 1047 3731 cap.
1082 3670 1207 3717 XIII:
1395 3674 1470 3735 ⁷⁰)
1504 3675 1615 3722 Ibid.
1652 3689 1695 3722 v.
1736 3676 1811 3722 18.

109 3760 206 3794 cum
241 3750 397 3809 quibus
432 3766 484 3797 ea
516 3755 674 3803 iuverit
706 3759 947 3805 contulisse
982 3773 1095 3819 quae
1129 3759 1207 3804 ha-

108 3836 183 3882 het
226 3837 489 3885 Ambrosius
533 3842 588 3888 de
623 3832 736 3893 *Fide
781 3848 857 3894 lib.
893 3847 965 3893 111.
1018 3861 1114 3907 cap.
1151 3847 1206 3893 v.

108 3937 150 3967 n.
188 3924 263 3970 56.

1394 3782 1468 3846 ⁷¹)
1505 3784 1629 3839 Quae
1662 3787 1707 3830 in
1743 3784 2029 3841 contrariam
2051 3792 2220 3847 partem
2263 3803 2402 3836 nova-

1289 3875 1409 3917 tores
1444 3873 1689 3933 disserunt,
1738 3887 1790 3918 ea
1835 3874 2043 3938 inferius,
2094 3890 2264 3937 suoque
2296 3879 2399 3925 loco

1291 3959 1527 4019 diligenter
1560 3962 1846 4007 excutientur.

212 4034 285 4095 Μ)
320 4036 471 4081 Mffi‘h·
506 4037 623 4083 XW·
662 4038 888 4089 ¹3-15·
1396 4069 1470 4130 72)
1504 4068 1551 4116 ln
1575 4084 1672 4129 cap.
1696 4071 1813 4117 xvl.
1837 4072 1988 4119 Matth.
2019 4077 2126 4132 pag.
2149 4075 2224 4120 74.
2253 4074 2300 4120 Τ.
2324 4075 2396 4122 ιν.

213 4142 287 4203 “)
322 4143 433 4191 lbid.
469 4160 511 4194 v.
552 4146 625 4193 15.
1292 4155 1336 4201 P.
1362 4155 1395 4203 1.
1431 4157 1535 4205 edit.
1571 4157 1854 4206 martianaei.
