2574 4276
1029 266 1033 270 .
1090 228 1331 303 CAPUT
1399 228 1466 281 ιι.
1599 299 1603 303 ,
2361 233 2428 280 45

119 371 346 422 damento
395 369 670 437 fundatum,
724 372 805 438 qui
846 371 1128 438 crediderit,
1179 387 1278 422 non
1326 369 1571 422 festinet.“
1642 368 1746 420 Huc
1783 383 1910 434 quae
1948 369 2178 436 leguntur
2210 369 2258 419 in
2294 368 2427 420 Psal-

117 464 207 513 mis
231 463 295 528 ⁴⁶,
336 477 560 528 quaeque
585 462 852 514 Matthaeus
877 465 943 528 ⁴⁷,
973 444 1164 514 Marcus
1187 466 1253 529 ⁴⁸,
1279 462 1436 512 Lucas
1459 463 1504 488 ⁴⁹
1544 466 1594 512 et
1615 460 1786 511 Petrus
1808 462 1854 487 ³⁰
1897 458 1958 510 ad
1983 458 2239 525 Christum,
2279 458 2428 510 veluti

117 555 339 605 ἔκτυπον
374 553 615 604 referunt:
689 554 953 619 „Lapidem
990 569 1136 620 quem
1171 553 1558 621 reprobaverunt
1597 550 1923 617 aedificantes,
1962 550 2042 600 hic
2075 549 2229 601 factus
2267 541 2343 601 est
2377 551 2427 600 in

117 652 259 711 caput
295 645 474 713 anguli.
548 644 594 694 A
627 644 834 712 Domino
871 644 1050 696 factum
1087 652 1162 696 est
1196 644 1345 710 istud,
1396 650 1446 694 et
1493 650 1568 695 est
1616 643 1836 694 mirabile
1887 643 1938 693 in
1990 640 2143 693 oculis
2191 641 2426 692 nostriS.“

117 737 222 787 Huc
260 737 410 788 verba
437 739 480 763 ⁵¹
522 735 763 787 Danielis:
837 736 1014 802 „Lapis
1051 741 1228 800 autem,
1267 737 1350 800 qui
1384 741 1698 802 percusserat
1720 740 1941 800 statuam,
1979 733 2134 785 factus
2172 738 2248 783 est
2282 748 2423 784 mons

119 844 340 895 magnus,
380 834 428 879 et
452 828 667 894 implevit
690 826 966 877 universam
1002 824 1235 875 terram.“
1304 825 1425 887 Huc⁸
1446 841 1573 892 quae
1603 825 1843 876 habentur
1863 828 1909 852 ⁵²
1949 825 2078 892 apud
2113 823 2424 875 Zachariam:

119 920 282 987 „Ecce
320 921 451 971 enim
487 934 585 986 ego
618 917 854 968 adducam
877 929 1076 966 servum
1105 929 1270 964 meum
1306 913 1573 966 Orientem.
1645 915 1767 974 Quia
1804 931 1924 967 ecce
1949 916 2086 982 lapiS,
2125 931 2271 985 quem
2308 914 2422 965 dedi

120 1027 286 1063 coram
322 1011 468 1078 Jesu,
504 1024 652 1076 super
685 991 896 1074 lapidem
930 1019 1080 1054 unum
1115 1010 1304 1070 septem
1341 1006 1470 1056 oculi
1505 1012 1640 1057 sunt:
1677 1022 1798 1057 ecce
1836 1022 1935 1073 ego
1972 1007 2175 1058 caelabo
2212 1005 2425 1075 sculptu-

117 1119 221 1154 ram
259 1104 386 1168 eius,
433 1102 497 1153 ait
525 1085 773 1156 ‚Dominus
814 1097 1117 1147 exercituum
1132 1136 1146 1162 ,
1193 1103 1242 1147 et
1289 1096 1509 1148 auferam
1525 1129 1529 1134 ·
1546 1098 1845 1164 iniquitatem
1879 1104 2042 1149 terrae
2086 1098 2212 1149 illius
2259 1099 2310 1148 in
2347 1097 2425 1148 die

116 1194 264 1245 una.“
333 1192 438 1243 Huc
483 1205 610 1257 quae
659 1187 826 1240 scribit
851 1190 896 1214 ⁵³
937 1187 1137 1238 Paulus:
1211 1187 1380 1255 „Ergo
1426 1189 1520 1238 iam
1557 1189 1811 1240 nonestis
1848 1187 2076 1254 hospites.
2103 1195 2153 1239 et
2184 1189 2422 1254 advenae,

117 1285 206 1336 sed
244 1284 360 1335 estis
398 1262 532 1334 cives
569 1285 932 1345 sanctorum-et
957 1271 1225 1331 'domestici
1259 1278 1378 1330 Dei:
1427 1279 1816 1346 superaedificati
1864 1295 2013 1346 super
2060 1279 2425 1332 fundamentum

116 1375 442 1444 apostolorum
479 1380 528 1425 et
563 1371 932 1440 prophetarum,
982 1371 1087 1437 ipso
1126 1386 1316 1421 summo
1354 1370 1576 1437 angulari
1620 1371 1779 1438 lapide
1815 1371 2005 1423 Christo
2042 1371 2186 1437 JeSU,
2238 1373 2287 1422 in
2325 1387 2421 1438 quo

115 1467 271 1518 omnis
309 1465 577 1522 aedificatio
624 1468 900 1514 constructa
947 1463 1125 1514 crescit
1172 1463 1223 1513 in
1255 1462 1488 1529 templum
1526 1469 1747 1514 sanctum
1783 1464 1833 1514 in
1868 1462 2104 1529 Domine,
2154 1464 2205 1514 in
2241 1478 2337 1529 quo
2376 1469 2425 1514 et

116 1574 204 1610 vos
254 1552 636 1609 coaedificamini
682 1557 732 1605 in
778 1553 1103 1604 habitaculum
1149 1552 1240 1604 Dei
1289 1554 1338 1603 in
1383 1552 1611 1620 Spiritu.‘⁴
1681 1554 1899 1605 Dubitari
1936 1569 2060 1622 ergo
2110 1570 2211 1606 non
2245 1561 2421 1621 potest,

116 1651 231 1716 quin
260 1655 439 1714 petrae
475 1648 673 1699 nomine
723 1645 896 1697 Christi
932 1645 1112 1696 decora
1150 1651 1295 1711 atque
1343 1648 1641 1697 ornamenta
1665 1646 1873 1713 utroque
1911 1648 1961 1697 in
1996 1645 2198 1698 foedere
2238 1646 2423 1714 signifi-

117 1747 301 1791 centur.
374 1740 508 1791 Idem
541 1753 688 1805 porro
724 1753 905 1803 nomen
941 1737 1126 1790 Simoni
1161 1737 1401 1803 pollicitus
1442 1744 1544 1804 est,
1581 1738 1771 1806 illique,
1809 1740 1878 1789 uti
1913 1753 2030 1789 mox
2050 1740 2095 1765 ⁵⁴
2137 1737 2424 1805 videbimUS,

119 1831 332 1885 Christus
370 1830 581 1882 contulit.
632 1829 779 1889 Quid
816 1843 939 1896 ergo
976 1830 1071 1879 iam
1107 1834 1259 1879 restat
1292 1834 1345 1879 ut
1381 1827 1709 1896 colligamus?
1746 1830 1975 1881 videlicet
2008 1830 2252 1897 placuisse
2290 1819 2437 1881 Chri?

116 1929 218 1989 stc,
266 1923 317 1973 ut
362 1936 485 1973 unus
532 1936 650 1987 prae
697 1920 898 1987 reliquis
936 1920 1103 1973 Simon
1140 1921 1245 1972 eius
1282 1919 1407 1971 dotis
1424 1960 1437 1986 ,
1485 1921 1891 1988 proprietatisque
1929 1937 2135 1974 consors
2173 1921 2422 1986 evaderet,

118 2029 211 2079 qua
247 2013 354 2080 ipse
392 2019 468 2064 est
501 2018 550 2063 et
583 2017 722 2078 petra
757 2018 1072 2078 nuncupatur.

298 2109 376 2156 18.
449 2103 547 2157 Sed
597 2103 711 2169 quid
758 2103 1010 2154 enimvero
1059 2104 1102 2154 si
1150 2104 1475 2170 consortium,
1534 2106 1920 2172 societatemque
1970 2106 2143 2158 finibus
2190 2106 2422 2172 nominis,

118 2197 546 2263 appellationisque
594 2192 923 2245 concluserit?
972 2211 1036 2246 ne
1074 2196 1137 2247 ita
1173 2196 1487 2262 arbitremur,
1535 2198 1802 2263 postulant:
1851 2198 1884 2248 Ι.
1924 2198 2086 2251 divina
2123 2198 2297 2249 Christi
2345 2213 2422 2249 sa-

118 2289 322 2353 pientia,
373 2302 483 2337 cum
521 2302 614 2352 qua
650 2288 807 2337 minus
843 2286 972 2338 belle
1011 2289 1274 2354 consentit,
1323 2293 1373 2337 ut
1392 2288 1712 2361 nominibus,
1753 2289 2101 2356 vocabulisque
2139 2290 2315 2340 lusisse
2351 2289 2422 2338 vi-

123 2377 314 2428 deatur:
364 2378 417 2427 II.
456 2373 710 2443 ἀναλογία
761 2377 1113 2444 Scripturarum
1136 2383 1200 2444 ⁵⁵,
1252 2394 1346 2445 qua
1383 2379 1618 2431 docemur
1665 2397 1761 2434 una
1799 2398 1907 2433 cum
1945 2381 2220 2433 nominibus
2259 2381 2420 2432 subie-

126 2466 227 2519 ctas
263 2468 449 2520 eisdem
475 2468 613 2519 dotes
638 2468 780 2518 tribui
805 2469 1027 2520 divinitus
1054 2471 1399 2521 consuevisse:
1439 2452 1616 2523 diserta
1643 2474 1838 2525 tandem
1876 2475 1950 2524 III.
1979 2473 2153 2525 Christi
2181 2472 2330 2523 verba
2353 2474 2421 2538 ⁵⁶,

123 2559 294 2624 quibus
343 2560 656 2627 significavit,
707 2559 955 2612 Simonem
1002 2561 1097 2612 dici
1143 2568 1286 2627 atque
1336 2561 1500 2623 ὅντως
1546 2570 1733 2629 petram
1784 2568 2013 2618 existere.
2098 2565 2420 2616 Nihilominus

123 2652 418 2701 consortium
464 2652 795 2718 proprietatiS,
843 2668 935 2718 qua
972 2652 1188 2704 Christus
1231 2659 1369 2719 petra
1406 2661 1732 2722 nuncupatur,
1772 2672 1871 2707 non
1909 2659 2028 2723 citra
2065 2657 2422 2708 distinctionem
2504 2639 2506 2641 ‚

119 2741 322 2808 intelligi
366 2739 523 2793 debet.
597 2743 731 2803 Quae
778 2745 908 2795 enim
953 2745 1147 2811 propria
1191 2751 1302 2795 sunt
1347 2745 1498 2796 Verbi
1534 2747 1794 2813 incarnati,
1845 2748 1926 2799 vel
1971 2749 2169 2799 omnino
2206 2745 2423 2810 ἀκίνητα

119 2839 254 2898 sunt,
293 2833 372 2883 vel
410 2836 754 2886 communicari
792 2835 931 2886 aliter
966 2851 1066 2886 non
1101 2843 1330 2902 possunt,
1370 2852 1515 2903 quam
1549 2823 1702 2890 altero
1740 2839 1887 2890 veluti
1925 2840 2109 2907 gradU,
2155 2855 2212 2890 ac
2247 2840 2315 2889 uti
2350 2839 2423 2889 lo-

120 2930 350 2990 quuntur,
389 2915 677 2993 άναλόγως.
750 2926 901 2978 Porro
938 2933 990 2978 ut
1027 2941 1151 2993 quae
1189 2927 1306 2978 κατ’
1343 2925 1635 2995 ἀναλογίαν
1669 2929 1786 2981 fiunt
1833 2931 2095 2999 donorum,
2143 2947 2422 2982 munerum—

123 3029 216 3079 que
251 3016 639 3083 participationes
678 3024 786 3084 apte
824 3012 1232 3084 determinentur,
1270 3021 1695 3085 praenoscendum
1733 3028 1832 3088 est,
1885 3039 2010 3089 quae
2050 3023 2141 3074 illis
2179 3024 2291 3074 insit
2326 3024 2422 3072 vir-

123 3109 221 3170 tus,
260 3101 403 3172 quum
441 3107 501 3158 ad
537 3107 823 3159 subiectum
853 3115 1089 3175 princeps
1127 3109 1418 3178 referuntur,
1458 3119 1507 3163 et
1545 3113 1738 3182 κυρίως
1775 3114 1863 3166 καὶ
1897 3113 2078 3176 ἁπλῶς
2114 3121 2418 3182 usurpantur.

126 3193 316 3247 Constat
361 3205 520 3250 autem
545 3203 609 3266 ⁵⁷,
658 3206 917 3266 propterea
968 3201 1234 3266 Christ-um,
1283 3208 1335 3252 ut
1383 3203 1664 3255 Theodoriti
1710 3206 1860 3257 verba
1882 3210 1927 3233 55
1987 3206 2272 3270 adhibeam,-
2319 3203 2422 3256 ὑπὸ

227 3350 299 3412 ⁴⁶)
332 3353 400 3398 Ps.
437 3356 608 3402 CXVII.
645 3358 723 3403 22.
1413 3361 1486 3422 53)
1520 3361 1682 3422 Ephes.
1718 3363 1772 3409 ΙΙ.
1813 3363 1889 3409 19.
1925 3377 2048 3424 seqq.

232 3438 305 3499 ..7)
338 3441 485 3489 Matth.
520 3445 636 3490 XXI.
672 3444 751 3490 41.
1413 3485 1486 3546 ⁵4)
1523 3501 1550 3531 n
1603 3486 1666 3533 20

228 3525 300 3586 4ε’»)
336 3527 469 3575 Marc.
499 3531 594 3577 xu.
634 3533 711 3579 10.
1356 3584 1358 3586 ,
1555 3519 1565 3530 ’
1670 3520 1681 3532 ‘

207 3612 297 3685 β’)
334 3614 434 3661 Luc.
457 3618 550 3664 xx.
579 3620 667 3684 173
700 3621 901 3667 Aet.1v.
932 3620 1006 3666 11.
1412 3610 1486 3671 ⁵⁵)
1521 3625 1563 3656 ¹¹·
1605 3610 1682 3656 16·

224 3701 300 3762 5ο)
335 3703 367 3747 1.
403 3704 513 3751 Petr.
547 3707 600 3753 11.
643 3709 693 3754 7:
747 3710 820 3755 ubi
874 3709 1011 3754 verba
1064 3708 1223 3753 Psalmi
1413 3720 1486 3793 ⁵⁶)
1521 3747 1563 3778 n·
1601 3733 1677 3780 15·

120 3796 406 3835 conseruntur
440 3799 537 3839 cum
569 3794 637 3840 Is..
660 3797 776 3843 VIII.
817 3797 893 3843 14.

224 3878 297 3938 ⁵¹)
331 3878 500 3924 Daniel.
534 3880 599 3926 11..
622 3883 701 3930 35.
896 3922 899 3925 .
1410 3863 1484 3925 υ)
1517 3879 1561 3910 ¹¹·
1600 3863 1676 3909 ¹7·

224 3965 296 4027 ⁵²)
332 3966 513 4013 Zachar.
549 3969 622 4015 111.
656 3971 813 4020 8—9:
848 3973 925 4018 ubi
961 3973 1079 4031 quod
1115 3972 1222 4018 vul·
1410 3993 1483 4054 ss)
1522 3974 1691 4039 Comm-
1738 3994 1793 4040 ad
1836 3994 2006 4041 Dauid·
2044 3995 2097 4039 Π·
2135 3995 2226 4056 343
2277 4001 2323 4041 et
2358 3997 2412 4041 ad

119 4057 247 4108 gatus
281 4055 426 4101 reddit
460 4056 713 4118 Orientem,
758 4061 965 4107 hebraice
999 4066 1069 4106 0⁵¹²
1108 4065 1222 4134 Πῗὲξ
1304 4081 1436 4125 Zach.
1473 4080 1545 4126 111.
1583 4081 1640 4127 9:
1690 4080 1854 4128 Λίθον
1899 4076 2039 4130 αὐτόν
2078 4076 2295 4144 ὀνομάζει
2337 4077 2413 4130 διοέ

118 4155 252 4214 frons
282 4171 517 4225 enascens,
554 4162 654 4209 coll.
689 4162 746 4210 Is.
769 4163 845 4212 XI.
874 4164 923 4229 1,
959 4165 1065 4213 LIII.
1091 4166 1136 4214 2.
1302 4161 1355 4213 τὸ
1390 4161 1576 4232 στεῤῥόν
1609 4168 1684 4216 καὶ
1719 4163 2103 4235 οἷκαταγώνιστον.
