2574 4276
158 138 261 186 262

1031 134 1250 188 [ABER
1323 134 1603 190 PRIMUS

160 296 239 339 τις
275 279 364 340 τῆς
404 277 845 346 ἑαυτοῦψυχῆς,
893 274 1137 327 ἐνταῦθα
1174 275 1234 328 δὲ
1272 274 1405 342 ὑπὲρ
1443 274 1567 340 ὅλης
1601 278 1692 339 τῆς
1729 277 2005 341 ἐκκλησίας
2040 279 2308 349 μαρτυρεῖ.
2384 277 2484 331 Sa·

161 376 266 421 tius
312 371 514 435 quidem
547 354 734 437 fuerat
773 366 973 430 quiduis
1013 373 1126 431 pati
1175 386 1241 418 ne
1291 367 1511 420 ecclesia
1557 368 1660 420 Dei
1706 364 2092 423 discinderetur.
2165 370 2278 423 Nec
2316 377 2486 422 minus

156 462 439 530 gloriosum
470 460 672 528 fuisset
709 476 864 524 quam
899 464 1205 526 martyrium
1241 458 1420 511 subire
1454 478 1519 511 ne
1552 459 1700 513 idolis
1737 460 2082 528 sacrificares.

162 573 275 606 meo
310 554 509 619 quidem
545 553 734 603 iudicio
765 550 1028 602 illustrius
1054 549 1272 619 fuisset.

2155 462 2321 516 Immo
2356 462 2490 515 illud

1346 549 1479 602 Heic
1519 557 1654 603 enim
1684 570 1781 618 pro
1817 571 1920 603 sua
1955 559 2111 605 unius
2148 562 2348 608 anima:
2384 554 2489 607 illic

157 664 252 711 pro
291 649 537 695 universa
571 642 790 694 ecclesia
825 649 1133 710 martyrium
1167 649 1283 709 quis
1323 650 1569 696 sustinet.

341 735 474 788 Sicut
522 736 653 785 enim
695 736 824 786 inter
861 735 1121 787 duodecim
1169 736 1420 803 apostolos
1457 752 1584 789 unus
1621 738 1836 789 omnium
1875 744 2017 805 caput
2054 738 2256 790 eminuit
2287 739 2488 806 Petrus3

161 831 224 879 ita
259 830 388 878 inter
423 828 685 895 episcopos
723 828 875 880 multo
914 828 1106 895 plures,
1155 830 1235 896 qui
1282 828 1344 879 ad
1383 830 1857 881 consummationem
1893 846 2053 897 usque
2091 830 2276 882 saeculi
2312 831 2491 884 vicaria

161 919 466 970 ordinatione
505 925 644 970 erant
681 920 914 987 apostolis
951 921 1256 987 successuri,
1292 921 1633 972 necessarium
1668 920 1756 971 fuit
1786 937 1938 972 unum
1974 921 2102 974 Petri
2137 923 2371 974 vicarium
2408 939 2491 974 ce-

160 1011 279 1062 teris
318 1011 543 1063 omnibus
582 1012 897 1079 antecellere,
935 1018 988 1063 ut
1013 1012 1238 1064 eamdem
1275 1028 1474 1079 semper
1497 1012 1704 1064 formam
1742 1015 2060 1082 conspicuum
2094 1014 2339 1066 ecclesiae
2381 1030 2491 1065 cor-

158 1119 249 1169 pus
288 1103 570 1171 exhiberet,
611 1111 660 1156 et
687 1106 869 1156 unitate
908 1105 1159 1171 conspicui
1196 1105 1364 1171 capitis
1400 1120 1549 1156 unum
1585 1121 1699 1158 esse
1739 1107 2010 1171 Christum,
2051 1121 2300 1172 unumque
2336 1105 2492 1156 Deum

158 1195 350 1246 Patrem
388 1202 669 1247 constanter
705 1195 931 1247 referret.

338 1287 489 1339 Porro
527 1288 825 1340 simillimum
863 1295 939 1342 est
963 1289 1228 1342 discrimen
1265 1280 1398 1357 quod
1422 1290 1586 1342 existit
1618 1291 1746 1342 inter
1782 1297 1937 1355 caput
1974 1297 2022 1341 et
2058 1289 2300 1355 membra,
2339 1291 2494 1358 quod-

161 1396 256 1446 que
309 1380 487 1431 dirimit
540 1382 647 1432 sive
693 1377 1052 1432 necessitatem
1096 1381 1399 1433 cohaerendi
1446 1398 1557 1434 cum
1601 1384 1758 1450 capite
1819 1389 1869 1434 et
1914 1399 2026 1434 cum
2075 1384 2336 1450 membris,
2388 1386 2494 1435 sive

160 1471 389 1524 schisma
427 1489 524 1540 quo
561 1475 668 1541 quis
706 1490 733 1524 a
771 1475 927 1541 capite
966 1474 1047 1525 vel
1071 1491 1098 1525 a
1122 1475 1458 1526 membrorum
1483 1474 1646 1542 aliquo
1684 1482 1954 1542 separatur.
2027 1475 2111 1526 Illa
2150 1476 2280 1527 enim
2318 1490 2495 1526 ueces—

161 1565 279 1616 sitas
320 1571 396 1615 est
432 1566 738 1632 omnimoda,
787 1567 1043 1634 princeps,
1093 1566 1341 1618 absoluta:
1388 1568 1514 1618 haec
1549 1568 1744 1619 nonnisi
1781 1567 1934 1619 altero
1973 1569 2023 1618 in
2059 1567 2171 1618 loco
2207 1566 2381 1618 haberi
2409 1583 2497 1634 po-

161 1663 282 1723 test,
330 1657 447 1707 illud
483 1656 697 1709 schisma
741 1664 818 1709 est
851 1658 1081 1725 plenum,
1128 1657 1349 1727 δυνάμει
1383 1659 1664 1714 universale
1689 1661 1755 1727 ⁹⁴,
1808 1666 1858 1710 et
1907 1675 2004 1727 quo
2041 1661 2294 1735 seiunctae
2330 1664 2495 1727 partes

160 1754 294 1798 motu
339 1749 533 1815 vitaque
581 1751 854 1816 privantur:
905 1751 1003 1802 hoc
1050 1767 1142 1818 per
1186 1767 1242 1803 se
1286 1767 1346 1802 ac
1397 1758 1568 1818 suapte
1603 1758 1774 1804 natura
1798 1754 1843 1780 ⁹⁵
1880 1751 2202 1817 particulare
2249 1752 2496 1803 dumtaxat

162 1847 251 1906 est,
290 1841 438 1908 idque
475 1841 625 1894 efficit
662 1858 811 1894 unum
839 1850 891 1895 ut
916 1844 1153 1911 particula
1178 1844 1430 1911 penitioris
1456 1845 1704 1896 societatis
1734 1846 1862 1896 inter
1897 1846 2160 1912 pugnantia
2198 1844 2418 1896 membra
2443 1845 2488 1871 ⁹⁶

159 1933 483 1986 desideretur.

340 2031 457 2077 341.
534 2029 718 2080 Verum
755 2028 880 2081 haec
918 2045 1045 2096 quae
1083 2029 1225 2080 nobis
1262 2034 1375 2080 sunt
1408 2028 1822 2095 luculentissima,
1869 2045 1969 2080 non
2005 2029 2215 2097 Rigaltio
2243 2031 2287 2056 ⁹⁷
2333 2028 2492 2081 solum

157 2135 215 2170 ac
245 2122 290 2147 ⁹⁸
331 2120 484 2186 FellO,
522 2121 614 2173 sed
648 2123 741 2188 ipsi
774 2137 971 2188 quoque
1006 2120 1223 2173 Henrico
1257 2116 1514 2177 Dodwello
1542 2123 1608 2188 ⁹⁹,
1649 2137 1795 2188 quem
1827 2123 2220 2174 consentientem
2255 2121 2494 2172 hactenus

160 2213 349 2279 experti
383 2227 567 2279 sumuS,
606 2213 731 2265 adeo
770 2213 1044 2280 displicent,
1083 2220 1134 2264 ut
1159 2215 1375 2282 primum·
1396 2213 1665 2265 exclamet:
1705 2220 1894 2265 mirum
1925 2232 2054 2265 sane
2090 2220 2229 2266 viros
2266 2213 2495 2278 alioquin

159 2305 536 2356 eruditissimos
575 2311 649 2357 ita
683 2323 836 2372 posse
873 2310 1142 2374 arqutari!
1178 2305 1354 2357 subdat
1390 2305 1595 2357 deinde:
1658 2307 1842 2373 „Quasi
1878 2322 1998 2358 vero
2039 2306 2287 2358 ecclesiae
2324 2304 2492 2357 catho-

161 2396 292 2449 licae
335 2413 519 2449 nomen
563 2413 664 2449 non
713 2405 848 2450 esset
903 2397 1132 2449 ecclesiis
1181 2400 1326 2450 etiam
1368 2396 1775 2464 particularibus
1825 2413 2103 2450 commune.
2175 2399 2292 2460 Quis
2338 2399 2496 2450 nescit

263 2596 337 2658 99)
376 2598 499 2653 Quae
535 2599 653 2644 enim
688 2603 760 2644 est
793 2599 1018 2659 separatio
1055 2614 1086 2644 a
1109 2600 1281 2659 capite,

159 2687 316 2732 eadem
357 2689 585 2747 separatio
622 2688 677 2734 ab
714 2690 927 2735 universo
965 2702 1157 2749 corpore
1194 2703 1284 2734 me-

158 2777 248 2820 rito
306 2782 524 2822 censetur.
615 2778 729 2823 Hinc
787 2778 895 2824 illud
951 2777 1181 2824 Ambrosii
1237 2779 1283 2824 in

158 2865 229 2908 Ps.
254 2865 302 2910 L.
337 2880 379 2910 n.
406 2867 495 2912 30:
542 2867 622 2913 ubi
657 2882 766 2929 erqo
799 2868 989 2926 Petrus,
1026 2868 1092 2915 ibi
1125 2868 1281 2915 eccle-

157 2956 257 3013 sia,
305 2957 406 3014 quia
453 2962 502 3002 ut
547 2957 666 3002 idem
712 2957 871 3017 docet,
926 2960 1139 3019 scriptum
1187 2964 1281 3004 est:

156 3058 295 3103 saper
318 3044 459 3090 hanc
496 3052 679 3105 petram
725 3047 986 3105 aedificabo
1035 3048 1284 3096 ecclesiam

157 3148 320 3180 meam.

266 3222 341 3284 ⁹⁵)
381 3222 463 3267 Per
497 3235 562 3283 se,
599 3222 792 3285 inquam,
831 3229 877 3270 et
909 3231 1066 3285 suapte
1101 3232 1283 3291 natura,

160 3313 420 3371 contingere
461 3312 579 3356 enim
622 3326 684 3358 ecc
728 3313 963 3359 accidenti
1007 3321 1187 3378 potest,
1235 3322 1284 3363 ut

158 3403 264 3447 unio
318 3415 371 3446 ac
421 3402 617 3446 societas
672 3414 771 3446 cum
822 3403 1080 3461 particulari
1133 3406 1282 3464 aliquo

159 3493 375 3551 episcopo
400 3491 655 3536 necessaria
677 3490 855 3550 penitus
878 3491 1109 3539 habeatur.
1147 3494 1281 3540 Cuius

160 3580 225 3624 rei
252 3581 455 3640 exempla
480 3585 636 3626 extant
659 3580 705 3625 in
724 3579 836 3626 Cod.
858 3580 1084 3627 Theodos.
1109 3583 1186 3629 lib.
1202 3584 1279 3630 vl.

160 3668 245 3713 Tit.
272 3668 328 3713 de
355 3669 424 3713 his
459 3672 534 3728 qui
569 3683 702 3730 super
734 3669 958 3727 religione
994 3672 1280 3733 contendunt,

159 3756 237 3801 lib.
274 3756 392 3803 XVI.
440 3758 524 3804 Tit.
560 3758 593 3804 Ι.
638 3758 718 3805 LL.
759 3757 936 3819 1—3,
973 3763 1020 3804 et
1054 3759 1097 3803 in
1133 3759 1282 3817 Syno-

160 3845 263 3890 dico
302 3845 517 3891 adversus
555 3847 745 3906 Traged.
782 3847 951 3892 Irenaei
997 3861 1093 3907 cap.
1128 3847 1279 3893 XLIII.

158 3947 264 3993 pag.
289 3934 402 3980 845.
439 3935 547 3981 edit.
582 3936 768 3997 Balutii,
804 3936 881 3982 ubi
915 3941 1100 3995 uterque
1137 3936 1282 3982 Theo-

163 4023 319 4068 dosius
357 4029 401 4070 et
423 4023 645 4070 Arcadius
681 4025 1038 4071 communionem
1073 4038 1171 4070 cum
1200 4025 1282 4070 Pe-

160 4117 234 4158 tro
261 4113 567 4174 alexandrinO,
596 4114 800 4160 Johanne
825 4114 1108 4174 antiocheno,
1140 4113 1283 4160 Theo-

1365 2598 1513 2660 philo,
1567 2597 1761 2644 Arsacio
1797 2604 1843 2644 et
1876 2597 2125 2658 Porphyrio
2160 2603 2380 2656 tamquam
2418 2611 2494 2642 ne-

1367 2688 1609 2733 cessariam
1655 2687 1981 2748 praescribunt.
2036 2686 2196 2743 ,Quod
2234 2700 2287 2731 ea
2322 2685 2494 2731 scilicet

1367 2783 1518 2823 essent
1569 2792 1727 2824 rerum
1767 2777 2025 2835 ‘adiuncta,
2083 2779 2133 2820 ut
2179 2775 2416 2820 dissidium
2466 2789 2490 2819 a

1367 2867 1626 2912 memoratis
1680 2867 1907 2926 episcopis
1961 2863 2186 2910 dissensio
2235 2863 2288 2907 ab
2338 2863 2492 2908 ortho-

1368 2956 1487 3002 doxa
1536 2957 1623 3002 fide
1669 2956 1765 3001 iure
1811 2958 2195 3016 praesumeretur,
2243 2965 2332 2998 non
2368 2953 2490 3012 quod

1367 3046 1424 3091 iis
1459 3045 1531 3091 vis
1569 3059 1622 3091 ac
1668 3045 1866 3104 dignitas
1909 3058 1997 3104 per
2028 3046 2079 3089 se
2125 3042 2318 3103 inesset,
2374 3055 2489 3100 quae

1369 3135 1564 3181 omnium
1601 3135 1955 3180 communionem
1989 3131 2251 3191 postularet.

1473 3223 1548 3285 ⁹⁶)
1595 3224 1662 3270 Cf.
1695 3223 1813 3270 Petri
1846 3220 2069 3267 Ballerinii
2103 3219 2394 3279 appendicem
2432 3217 2489 3263 ad

1368 3313 1412 3374 §.
1448 3313 1481 3359 I.
1532 3314 1692 3373 capitis
1726 3312 1802 3358 XI.
1850 3310 2023 3370 operis
2052 3310 2281 3369 inscripti,
2332 3308 2407 3354 De
2439 3308 2490 3352 vi

1367 3416 1426 3447 ac
1469 3404 1656 3449 ratione
1697 3402 1923 3461 primatus
1966 3398 2280 3446 Romanorum
2321 3397 2486 3444 Ponti-

1620 3474 1642 3494 N

1401 3506 1519 3538 cum.

1363 3493 1400 3549 fi
1472 3579 1547 3640 9⁷)
1582 3570 1630 3624 [ι’]
1663 3577 1785 3623 notis
1822 3577 1877 3623 ad
1913 3578 2043 3636 epist.
2070 3576 2219 3621 XLIX.
2256 3576 2371 3620 inter
2403 3573 2490 3632 Cy-

1365 3669 1603 3728 prianicaS.

1392 3769 1417 3776 ·*
1470 3756 1546 3817 99)
1597 3754 1740 3800 Fellus
1784 3753 1969 3811 Rigaltii
2022 3752 2158 3799 verba
2215 3751 2398 3798 adducit
2446 3756 2492 3796 et

1366 3844 1555 3905 prohat,
1604 3843 1649 3888 in
1684 3842 1925 3888 Pamelium
1962 3848 2117 3888 contra
2161 3841 2370 3886 irascitur
2415 3841 2489 3898 qui

1368 3933 1556 3993 dixerit,
1603 3946 1743 3977 unum
1789 3933 2053 3993 episcopum
2097 3930 2371 3990 simpliciter
2399 3943 2489 3989 pro

1366 4035 1560 4069 romano
1596 4022 1812 4081 episcopo
1848 4022 2022 4080 accipi.

1472 4109 1548 4174 ⁹⁹)
1582 4111 1774 4159 Dissert.
1811 4111 1885 4156 cit.
1923 4108 1966 4168 §.
1999 4107 2116 4156 VIII.
2193 4158 2195 4161 ,
