2574 4276
1026 200 1267 255 CAPUT
1336 203 1488 258 XVI.
2295 216 2396 268 585

105 333 187 401 qui
220 330 361 384 Petro
397 332 773 403 demandantur,
813 352 958 405 quum
992 339 1062 392 illi
1095 342 1276 409 semel,
1313 343 1511 408 iterum,
1547 346 1790 415 tertioque
1813 350 1855 378 ¹⁵
1896 347 2067 402 dicitur
2081 390 2094 413 ,
2140 347 2298 418 βόσκε
2331 354 2393 407 τά

103 423 260 490 ἀρνία
294 441 427 490 μου,
467 431 540 491 et,
589 426 831 493 ποίμαινε
879 427 942 481 τά
988 429 1227 498 πρόβατα
1262 439 1401 499 pov?
1457 450 1628 488 eorum
1663 456 1908 490 numerus
1943 447 2087 508 atque
2123 442 2397 508 amplitudo

0 577 1 581 Ἰ
103 515 376 566 definienda
410 515 444 566 I.
484 532 513 567 e
550 517 716 569 verbis
754 525 852 582 est,
892 535 1017 586 quae
1052 521 1200 574 Jesus
1234 532 1442 591 usurpat.
1515 527 1668 579 Utitur
1703 537 1861 582 autem
1899 531 2116 598 infinitis
2150 532 2396 598 loquutio-

0 613 3 623 ’
100 602 267 668 nibus,
300 600 366 657 τά
400 603 558 670 ἀρνία
591 625 713 673 μου,
750 608 815 660 toi
853 607 1090 676 πρόβατα
1122 630 1243 680 μου,
1296 631 1519 683 quaeque
1553 617 1722 671 fideles
1755 623 2010 674 universos
2046 625 2152 674 sive
2189 626 2271 691 qui
2299 627 2396 676 iam

104 702 293 761 essent,
355 696 461 746 sive
497 697 579 763 qui
615 705 781 749 essent
815 699 991 751 deinde
1027 700 1193 768 futuri,
1248 719 1338 755 suo
1373 706 1553 759 ambitu
1590 710 1997 776 complectuntur:
2057 714 2215 766 nullus
2266 717 2396 767 enim

99 787 181 839 vel
219 787 396 852 extitit,
433 786 514 836 vel
550 788 782 839 extiturus
816 790 1074 857 aliquando
1111 800 1215 845 erat
1248 794 1430 860 fidelis,
1470 799 1550 864 qui
1587 813 1686 850 non
1720 801 1835 852 item
1869 804 1996 855 inter
2032 820 2204 871 agnoS,
2252 820 2392 858 oves-

105 895 201 947 que
237 878 413 930 Christi
446 884 798 930 numeraretur.

276 991 536 1042 Praeterea
566 990 623 1042 II.
661 992 755 1044 alia
790 1008 991 1060 prorsus
1030 1001 1106 1046 est
1140 996 1402 1048 verborum
1439 1000 1735 1068 complexio,
1790 1019 1884 1070 qua
1919 1005 1969 1056 in
2006 1005 2262 1075 Scripturis
2299 1014 2394 1062 cir-

101 1088 486 1148 cumscriptum,
538 1081 900 1148 definitumque
935 1083 1063 1135 ovile
1095 1087 1409 1153 significatur.
1479 1089 1533 1140 In
1563 1091 1732 1144 Actis¹
1746 1097 1763 1123 ⁶
1804 1096 1932 1146 enim
1964 1096 2047 1148 ubi
2078 1098 2139 1149 de
2167 1106 2396 1164 particu-

101 1173 204 1227 lari
235 1190 392 1243 qreqe
425 1188 591 1226 sermo
629 1180 719 1240 est,
759 1175 958 1226 dicitur:
1011 1174 1302 1240 Προςέχετε
1340 1171 1436 1231 οὖν
1468 1184 1698 1244 ἑαυτοῖς,
1737 1201 1825 1235 και
1858 1187 2011 1237 παντὶ
2044 1206 2116 1255 τῳ
2155 1191 2393 1259 ποιμνίῳ,

100 1269 156 1317 ἐν
183 1258 228 1333 ᾧ
258 1262 396 1331 ὑμᾶς
432 1262 491 1315 τὸ
524 1267 734 1333 πνεῦμα
766 1263 825 1316 τὸ
863 1261 1018 1331 ἅγιον
1054 1267 1212 1320 ἔθετο
1257 1272 1594 1332 ἐπισκόπους,
1657 1274 1948 1339 ποιμαίνειν
1989 1274 2079 1340 τήν
2126 1279 2396 1342 ἐκκλησίαν

28 1405 33 1408 .
102 1358 196 1409 τοῦ
229 1355 395 1408 θεοῦε
459 1362 507 1407 et
551 1356 677 1423 apud
724 1357 983 1409 Petrum¹⁷
1006 1377 1019 1406 ε
1081 1358 1395 1425 Ποιμάνατε
1441 1361 1499 1412 τὸ
1546 1366 1600 1414 ἐν
1646 1360 1770 1428 ὑμῖν
1816 1366 2056 1432 ποίμνιον
2106 1371 2200 1419 τοῦ
2241 1369 2394 1432 θεοῦ,

101 1449 507 1506 ἐπισκοποῦντες
543 1442 614 1514 μὴ
650 1444 1028 1512 ἀναγκαστῶς,
1088 1447 1203 1500 ἀλλ’
1251 1451 1517 1513 ἑκουσίως.
1588 1453 1889 1507 Particularis
1933 1458 2079 1524 igitur
2125 1474 2249 1525 grex
2296 1476 2394 1513 non

101 1539 344 1607 ποίμνιον
377 1537 633 1601 absolute,
693 1538 1116 1605 simpliciterque,
1177 1556 1339 1608 neque
1373 1541 1593 1593 absolute
1626 1558 1684 1593 ac
1719 1545 1999 1612 simpliciter
2032 1549 2270 1614 ποίμνιον
2303 1552 2397 1602 τοῦ

103 1631 256 1693 θεοῦ,
296 1646 465 1683 verum
501 1637 582 1682 aut
616 1629 875 1696 ποίμνιον,
913 1634 968 1682 ἐν
1004 1623 1052 1699 ᾦ
1087 1628 1226 1699 ὑμᾶς
1260 1635 1318 1683 τὸ
1354 1634 1555 1701 πνεῦμα
1590 1631 1648 1684 τὸ
1685 1632 1839 1700 ἅγιον
1874 1636 2032 1689 ἔθετο
2068 1641 2391 1704 ἐπισκόπους,

100 1730 182 1775 aut
223 1722 281 1774 τὸ
325 1727 380 1774 ὲν
428 1719 555 1788 ὑμῖν
597 1721 839 1788 ποίμνιον
885 1729 1202 1789 nuncupatur.
1274 1722 1398 1774 Dum
1443 1738 1562 1775 vero
1609 1725 1822 1779 Christus
1876 1727 2067 1780 Petrum
2122 1731 2390 1799 alloquitur,

101 1815 348 1882 ποίμνιον
371 1814 439 1865 illi
465 1813 620 1866 credit
643 1811 887 1876 absolute,
918 1811 1322 1879 simpliciterque,
1349 1813 1605 1881 nullisque
1623 1815 1776 1882 plane
1800 1818 2101 1871 adstrictum
2125 1819 2364 1873 limitibus
2379 1845 2394 1872 .-

99 1905 257 1973 βόσκε
293 1903 357 1958 ro?
395 1903 553 1971 ἀρνία
585 1922 708 1972 μου,
749 1905 992 1972 ποίμαινε
1027 1899 1094 1957 τά
1134 1904 1370 1973 πρόβατά
1405 1925 1523 1974 μου.
1595 1909 1859 1961 Universos
1899 1911 2044 1977 igitur
2078 1911 2394 1979 singulosque

100 1997 270 2048 fideles
309 1997 436 2048 illius
471 2012 643 2061 curae,
690 1998 1014 2063 potestatique
1051 1997 1269 2049 Christus
1311 1999 1530 2051 subiecit.
1602 2001 1731 2051 Inter
1763 1999 1933 2052 fideles
1962 2015 2080 2052 vero
2117 2002 2210 2052 iam
2246 2002 2396 2054 colle-

101 2094 206 2140 ctos
244 2087 523 2139 eminebant
566 2088 801 2155 apostoli3
860 2088 993 2155 ipsos
1048 2103 1171 2155 ergo
1224 2089 1467 2155 apostolos
1501 2090 1642 2142 Petro
1689 2090 1965 2158 regendOS,
2025 2092 2396 2159 pascendosque

103 2180 360 2232 commisit.

278 2291 382 2352 Qua
418 2290 479 2342 de
514 2306 571 2342 re
607 2289 684 2341 ΠΙ.
722 2306 869 2342 nemo
905 2291 1119 2360 ambigat
1152 2293 1233 2359 qui
1269 2293 1501 2344 memoria
1536 2293 1743 2357 recolat,
1805 2294 2028 2345 eamdem
2071 2311 2185 2345 esse
2223 2302 2397 2346 exten-

100 2388 292 2434 sionem
328 2397 531 2447 vocum,
592 2377 658 2434 τοὶ
704 2379 860 2447 ἀρνία
909 2401 1042 2450 μου,
1103 2382 1166 2436 τά
1215 2382 1456 2451 πρόβατα
1498 2402 1635 2462 μου,
1698 2390 1747 2435 et
1770 2387 1812 2411 ¹⁸
1852 2379 1941 2445 τήν
1974 2383 2246 2446 ἐκκλησίαν
2276 2403 2395 2452 μου.
2443 2394 2447 2396 ’

102 2473 201 2527 Sed
237 2473 559 2541 appellatione
596 2472 843 2525 ecclesiae
881 2492 1023 2526 meae
1059 2489 1230 2526 omnes
1267 2475 1491 2540 omnino,
1554 2491 1612 2526 ac
1657 2476 1747 2540 ipsi
1795 2489 1990 2541 quoque
2025 2475 2230 2541 apostoli
2264 2491 2396 2527 com-

100 2554 479 2633 prehenduntur.
555 2565 975 2632 Quemadmodum
1024 2567 1172 2634 igitur
1213 2581 1307 2616 una
1344 2580 1454 2616 cum
1493 2567 1669 2617 ceteris
1705 2570 1802 2630 ipsi
1835 2570 1985 2616 etiam
2020 2565 2234 2630 apostoli
2265 2567 2397 2618 aedi-

100 2657 274 2708 ficandi
322 2671 470 2724 super
505 2655 698 2708 Petrum
753 2663 920 2723 erant,
981 2659 1045 2708 ita
1090 2672 1186 2708 una
1235 2661 1342 2707 c'um
1394 2657 1570 2707 ceteris
1620 2661 1720 2721 ipsi
1769 2673 1962 2720 quoque
2007 2654 2220 2732 apostoli
2255 2656 2396 2708 Petro

101 2748 324 2816 regendi,
361 2748 693 2815 pascendique
728 2748 994 2800 traduntur.

280 2859 407 2913 Sane
444 2860 522 2910 IV.
553 2860 684 2927 quod
710 2860 926 2913 Christus
962 2861 1104 2913 Petro
1134 2862 1419 2925 iniunxerat,
1458 2860 1562 2910 eius
1599 2873 1714 2910 cura
1748 2857 2015 2924 studiisque
2038 2863 2080 2889 ¹⁹
2123 2856 2397 2924 aliquando

100 2951 419 3019 implendum,
480 2952 734 3017 inquiens:
796 2953 882 3004 καὶ
930 2949 994 3004 σύ
1041 2970 1166 3003 ποτε
1201 2954 1514 3018 ἐπιστρέψας
1550 2947 1786 3016 στήριξον
1818 2943 1940 3010 τούς
1974 2946 2237 3017 ἀδελφούς
2274 2964 2397 3002 σου.·

100 3042 307 3109 idipsum
342 3044 573 3110 iniungit,
634 3059 692 3094 ac
737 3049 933 3108 tempus
976 3042 1213 3109 implendi
1247 3039 1409 3110 officii
1445 3045 1546 3092 iam
1578 3040 1845 3091 advenisse
1879 3037 2131 3102 declarat,
2185 3040 2394 3092 addens:

100 3132 257 3200 βόσκε
292 3131 356 3185 τά
391 3132 549 3199 ἀρνία
584 3151 712 3200 μου,
770 3135 1014 3202 ποίμαινε
1058 3129 1125 3186 toi
1162 3131 1399 3202 πρόβατα
1435 3148 1553 3199 μου.
1627 3130 1925 3196 Quamquam
1960 3131 2090 3181 enim
2126 3131 2274 3182 multo
2310 3147 2394 3198 pa-

98 3229 196 3275 teat
230 3224 399 3291 latius,
463 3225 593 3292 quod
626 3225 790 3276 verbis
836 3223 1042 3294 βόσκειν
1078 3224 1164 3276 καὶ
1200 3221 1516 3290 ποιμαίνειν,
1579 3235 1723 3288 quam
1771 3220 1901 3287 quod
1946 3220 2096 3272 verbo
2147 3218 2395 3287 στηρίζειν

101 3313 325 3381 effertur3
383 3315 695 3367 nihilominus
720 3315 779 3366 τὸ
815 3314 1068 3383 στηρίζειν
1102 3315 1368 3381 principem
1405 3314 1617 3363 continet
1651 3317 1835 3378 partem
1871 3302 1997 3362 illi'us
2034 3309 2204 3377 officii,
2265 3312 2394 3378 quod

97 3404 306 3473 βόσκειν
355 3406 443 3458 καὶ
490 3406 782 3473 ποιμαίνειν
827 3405 1112 3474 significant.
1185 3403 1263 3456 Ad
1305 3418 1561 3454 numerum
1604 3403 1751 3470 igitur
1791 3402 1894 3454 τῶν
1937 3401 2135 3468 ἀρνίων
2167 3402 2393 3453 καὶτῶν

101 3494 384 3563 προβάτων
419 3515 525 3563 μου
564 3499 597 3548 ii
632 3512 827 3565 quoque
862 3498 1117 3565 pertinent,
1156 3497 1237 3562 qui
1271 3491 1500 3563 ἀδελφοί
1529 3508 1625 3544 σου
1649 3499 1996 3560 nuncupantur.
2059 3491 2393 3558 Appellatione

101 3593 262 3638 autem
297 3589 405 3639 τῶν
443 3585 692 3657 ἀδελφῶν
727 3604 824 3640 σου
867 3589 958 3655 ipsi
1006 3585 1214 3654 ἀμέσως
1263 3584 1466 3652 apostoli
1514 3584 1845 3636 ostenduntur.
1890 3650 1892 3652 v
1931 3582 2012 3637 Sic
2059 3597 2182 3650 ergo
2222 3582 2391 3634 fideles

103 3679 255 3729 ceteri
292 3684 470 3741 ovium,
504 3696 850 3747 equorumque
885 3683 1180 3730 eat-tensione
1216 3674 1704 3742 comprehenduntur,
1742 3681 1794 3725 ut
1825 3675 1917 3741 ipsi
1939 3673 2153 3740 inprimis
2187 3673 2392 3738 apostoli

102 3769 444 3837 comprehensi
480 3770 742 3821 existimari
779 3769 1001 3822 debeant.

210 3944 280 4005 ¹⁵)
317 3944 427 3990 lbid·
463 3945 580 3990 XXI.
620 3944 849 3992 15—18.
1399 3941 1470 4002 ¹⁸)
1503 3941 1654 3987 Matth.
1691 3939 1806 3986 XVI.
1846 3939 1921 3986 18.

212 4031 283 4091 16)
319 4031 420 4077 Act.
456 4032 552 4077 xx.
588 4031 668 4078 28.

209 4120 281 4181 ¹⁷)
315 4120 349 4166 Ι.
377 4120 491 4166 Petr.
526 4118 583 4165 V.
618 4118 664 4166 2.
1401 4114 1470 4176 ¹⁹)
1503 4114 1605 4162 Luc·
1642 4113 1776 4162 XXII·
1812 4113 1890 4161 32·
