2574 4276
217 90 284 140 50
1099 88 1320 141 LIBER
1388 87 1670 145 PRIMUS

220 227 350 293 ξεως
397 234 740 296 τεταγμένος,
789 233 878 294 qm‘
915 233 1116 293 primus
1160 229 1233 280 ad
1271 245 1432 280 cornu
1480 235 1611 281 aciei
1656 229 1873 282 locatur.
1947 233 2012 285 At
2058 249 2180 286 vero
2229 233 2550 302 προστασία,

220 319 398 372 eodem
435 319 683 388 Hesychio
721 322 1018 386 interprete,
1057 325 1133 370 est
1170 316 1504 386 κυβέρνησις,
1551 319 1883 390 ᾳαόενιιαιὶο,
1921 323 2299 378 administratio:
2339 333 2390 378 et
2425 344 2552 394 προ-

217 409 406 474 στάτην
435 411 726 464 scholiastes
755 410 1098 478 Aristophanis
1136 410 1370 462 describit
1404 410 1496 463 τὸν
1525 410 1915 480 προϊστάμενον
1950 416 2043 466 τοῦ
2080 415 2267 485 δήμου,
2305 415 2549 480 τούτεστι,

219 501 563 571 δημαγωγόν,
599 502 891 568 praesidem
919 500 1107 567 populi,
1145 502 1293 566 idest,
1331 498 1648 569 reipublicae
1680 505 2164 560 administratorem.
2236 510 2551 578 Impositione

215 596 366 663 igitur
410 596 526 646 novi
572 593 805 657 nominiS,
857 593 1267 661 proprietatisque
1315 610 1407 662 per
1442 610 1626 647 nomen
1659 597 1964 665 significatae
2007 601 2350 653 communione
2388 599 2552 652 effecit

218 686 464 754 Christus,
502 692 554 736 ut
590 685 758 737 Simon
796 682 858 734 ad
893 686 1298 751 πρωτοστασίαν
1336 688 1425 740 καὶ
1462 689 1790 753 προστασίαν
1826 688 2110 758 destinatus,
2153 695 2369 745 omnium
2407 710 2550 760 πρω-

214 780 463 841 τοστάτης
500 777 589 829 καὶ
625 773 918 842 προστάτης
953 777 1259 831 redderetur.

394 897 475 943 26.
551 890 693 951 Quod
730 907 842 943 cum
872 897 1072 944 veteres
1106 893 1355 944 christiani
1392 876 1624 947 doctores
1651 877 2127 964 animadvertissent,
2170 896 2374 963 crebriS,
2412 897 2548 949 lucu-

212 985 455 1051 lentisque
494 984 806 1035 sermonibus
848 984 1173 1036 celebrarunt.
1246 985 1323 1037 Ac
1358 984 1554 1037 Petrum
1587 987 1784 1053 quidem
1823 990 1860 1054 ⁹,
1895 994 2142 1055 tamquam
2180 985 2551 1055 πρωτοστάτην

209 1078 315 1129 τῶν
350 1073 666 1129 ἀποστόλων
702 1077 860 1129 semel
890 1094 948 1129 ac
973 1092 1168 1130 rursum
1192 1078 1445 1146 praedicat
1471 1081 1514 1105 ¹⁰
1557 1078 1764 1147 Cyrillus
1795 1078 2272 1148 hierosolymitanus,
2314 1096 2411 1148 quo
2439 1096 2549 1132 cum

210 1171 454 1221 consentit
492 1170 765 1238 Gregorius
799 1185 1044 1239 nyssenus
1073 1173 1136 1238 ¹¹,
1185 1187 1213 1222 a
1251 1186 1348 1238 quo
1385 1170 1557 1221 Petrus
1605 1170 1805 1236 dicitur,
1858 1172 1887 1221 ό
1922 1171 2023 1239 μὲν
2057 1173 2425 1240 πρωτοστάτης
2462 1173 2549 1226 καὶ

209 1264 511 1332 κορυφαῖος
558 1264 646 1324 τῆς
685 1260 1044 1326 ἀποστολικῆς
1080 1263 1316 1330 χορείας.
1389 1261 1474 1314 Ad>
1513 1262 1735 1314 eiusdem
1779 1278 1901 1314 vero
1942 1264 2382 1316 commendandam
2421 1282 2548 1331 προ-

205 1354 428 1406 στασίαν
460 1355 729 1422 pertinent,
770 1372 896 1423 quae
935 1355 1315 1424 Chrysostomus
1345 1357 1387 1381 ¹²
1429 1354 1622 1407 scribit:
1663 1352 1943 1421 ’Ἑκκριτος
1978 1348 2044 1418 ἦν
2075 1358 2183 1407 τῶν
2215 1352 2547 1418 ἀποστόλων,

208 1447 297 1499 καὶ
335 1445 507 1514 στόμα
543 1432 650 1500 τῶν
686 1447 967 1515 μαθητῶν,
1009 1448 1098 1512 καὶ
1120 1441 1331 1520 κορυφὴ
1367 1447 1461 1498 τοῦ
1489 1448 1691 1514 χοροῦ·
1715 1443 1804 1498 διά
1829 1448 1982 1499 τοῦτο
2018 1449 2108 1499 καὶ
2133 1447 2362 1510 Παῦλος
2387 1446 2547 1518 ἀνέβη

206 1542 323 1592 τοτὲ
366 1537 529 1592 αὐτὸν
561 1540 831 1607 ἱστορῆσαι
859 1543 901 1568 ¹³
952 1538 1104 1607 παρα
1141 1534 1265 1602 τούς
1309 1533 1531 1601 ἄλλους.
1605 1536 1720 1607 ἅμα
1758 1537 1818 1590 δὲ
1855 1534 2061 1602 δεικνύς
2097 1539 2271 1610 αὐτῷ,
2310 1537 2403 1592 ’ὅτι
2440 1542 2549 1607 χρῆ

205 1630 434 1700 θαρρεῖν
480 1629 669 1683 λοιπόν
708 1630 783 1694 αἱς
817 1633 908 1695 τῆς
943 1629 1218 1700 ἀρνήσεως
1254 1630 1657 1700 ἐξεληλαμένης,
1707 1632 2058 1700 ἐγχειρίζεται
2090 1631 2184 1696 την
2221 1632 2548 1701 προστασίαν

203 1725 308 1777 τῶν
343 1721 612 1795 ἀδελφῶν.
690 1724 811 1775 Tum
846 1724 973 1776 haec
1013 1740 1140 1792 quae
1175 1724 1326 1776 habet
1353 1727 1395 1751 ¹⁴
1438 1724 1793 1777 oecumenius:
1843 1722 2116 1778 ἀνίσταται
2151 1726 2180 1777 ὁ
2206 1723 2421 1792 Πέτρος
2457 1723 2547 1777 καὶ

208 1815 282 1879 σός
319 1816 667 1884 θερμότερος,
707 1817 796 1869 καὶ
827 1813 903 1878 αἱς
940 1812 1033 1879 τήν
1068 1816 1399 1883 προστασίαν
1422 1819 1528 1870 τῶν
1563 1815 1831 1885 μαθητῶν
1857 1820 2340 1884 ἐγκεχειρισμένοςε
2376 1821 2546 1886 sarqae't

206 1907 406 1961 Petrus
445 1916 492 1961 et
532 1916 797 1976 tamquam
810 1908 1120 1977 ferventior,
1163 1915 1215 1961 et
1244 1916 1510 1976 tamquam
1546 1915 1607 1975 is,
1647 1916 1735 1976 qui
1767 1908 2134 1976 discipulorum
2154 1906 2544 1978 praefecturam

202 2008 421 2072 yereret.

385 2123 467 2169 27.
542 2118 698 2178 Quam
735 2117 865 2168 Petri
903 2116 1263 2184 excellentiam,
1303 2118 1741 2184 auctoritatemque
1771 2116 2086 2184 praecipuam
2123 2114 2401 2166 confirmari
2434 2130 2543 2165 rur-

206 2226 340 2277 sum,
381 2217 430 2261 et
468 2209 768 2277 splendidius
806 2209 1004 2261 suaderi
1040 2225 1190 2278 posse
1228 2210 1461 2277 arbitror,
1513 2211 1555 2262 si
1591 2208 1872 2277 οἰκονομία
1906 2224 2001 2275 qua
2035 2206 2169 2259 Deus
2205 2206 2541 2258 Abrahamum

202 2303 399 2371 habuit,
439 2318 550 2353 cum
586 2318 646 2353 ea
685 2302 898 2353 dea-cere
936 2309 1280 2370 componatur,
1314 2287 1478 2369 >quam
1517 2301 1734 2354 Christus
1776 2317 1886 2352 cum
1924 2301 2069 2352 Petro
2107 2286 2336 2352 adhibuit.
2410 2296 2542 2349 Dex-

204 2402 339 2462 tere,
379 2395 601 2461 inquam,
639 2395 798 2462 iisque
837 2396 1062 2447 omnibus
1103 2402 1229 2463 apte,
1268 2395 1581 2460 solerterque
1617 2395 1850 2461 inspectis
1895 2399 1944 2445 et
1981 2393 2278 2461 explanatiS,
2318 2406 2444 2458 quae
2481 2389 2543 2441 ad

204 2486 557 2555 retegendam,
615 2487 1120 2555 manifestandamque
1179 2487 1543 2539 similitudinem
1596 2485 1825 2538 conferre
1871 2496 2021 2553 posse
2066 2485 2307 2537 videntur.
2382 2483 2538 2551 Quod,

203 2579 271 2630 uti
308 2578 479 2646 decet,
527 2581 769 2646 praestari
812 2581 1004 2648 nequit,
1056 2581 1151 2632 nisi
1191 2579 1432 2647 quaedam
1470 2578 1835 2645 προληπτικῶς
1872 2579 2187 2645 adnotentur,
2237 2576 2411 2644 quibus
2446 2577 2540 2626 iter

205 2670 566 2738 quodammodo
605 2674 975 2724 communiatur.
1048 2673 1295 2725 Praestrui
1331 2678 1494 2723 autem
1533 2677 1644 2722 ante
1688 2672 1851 2723 omnia
1889 2670 2065 2737 debet,
2118 2667 2237 2720 nihil
2273 2683 2387 2719 esse
2427 2682 2537 2717 cum

207 2764 410 2815 veritate
448 2764 768 2830 coniunctiuS,
809 2780 953 2832 quam
988 2766 1259 2834 insigniora
1300 2779 1526 2832 quaeque
1565 2763 1627 2814 ad
1661 2778 1842 2814 novum
1866 2767 2211 2814 testamentum
2246 2760 2538 2827 pertinentia

202 2855 354 2922 typis,
393 2856 718 2923 imaginibus,
758 2855 1146 2925 παραλλήλοις,
1185 2857 1479 2924 disertisque
1518 2855 1757 2907 vaticiniis
1787 2857 1828 2881 ¹⁵
1878 2853 2152 2921 praedicta,
2191 2867 2249 2904 ac
2287 2852 2337 2901 in
2376 2852 2535 2917 prisco

311 3045 357 3107 ⁹)
411 3046 533 3091 Hanc
578 3048 697 3094 Petri
745 3049 1087 3108 appellationem
1136 3050 1330 3109 antiquis
1414 3048 1488 3093 ubi
1514 3047 1696 3092 codices
1721 3057 1810 3090 non
1833 3043 1990 3105 pauci,
2015 3044 2338 3104 nonnullaeque
2362 3044 2535 3102 priscae

207 3134 408 3180 Patribus
457 3136 669 3187 usitatam,
701 3137 901 3196 pluribus
938 3143 1128 3184 exornat
1162 3138 1329 3183 Marna·
1414 3138 1647 3184 versiones
1682 3134 1849 3180 habent
1881 3128 2074 3195 Κηφᾶν.

205 3223 329 3270 chius
367 3223 533 3283 Origg.
563 3230 608 3271 et
643 3224 827 3285 Antiqq.
866 3226 1027 3272 Christ.
1066 3226 1114 3272 T.
1139 3227 1195 3272 V.
1256 3224 1331 3273 De
1524 3246 1595 3308 ιι)
1630 3246 1678 3291 ln
1712 3244 1815 3291 Act·
1852 3245 1885 3292 Ι,
1926 3243 2001 3290 15·

206 3314 348 3360 titulis
370 3314 595 3361 honorum
619 3313 660 3359 b.
686 3314 829 3373 Petri,
866 3328 1003 3374 pagg.
1032 3314 1144 3360 531.
1169 3327 1292 3375 seqq.

1092 3400 1093 3404 ,
1527 3356 1597 3419 ¹⁵)
1633 3356 1731 3402 Non
1766 3356 2108 3402 christianorum
2145 3354 2376 3399 dumtaxat
2417 3353 2533 3398 hanc

314 3417 384 3479 ¹⁰)
445 3417 624 3464 Catech.
682 3418 756 3464 IX.
815 3433 859 3464 n.
915 3417 991 3463 19.
1051 3423 1095 3463 et
1147 3418 1324 3464 Catech.

1412 3459 1513 3492 esse
1562 3445 1853 3507 sententiam,
1907 3443 1989 3490 sed
2031 3443 2292 3489 iudaeorum
2340 3454 2531 3503 quoque,

202 3505 276 3551 Xl‘
314 3520 357 3551 η’
396 3506 441 3551 4⁶
1410 3541 1503 3581 tum
1538 3540 1760 3596 veterum,
1797 3546 1929 3594 quum
1963 3534 2262 3578 recentiorum
2295 3530 2530 3591 perspicua

312 3594 383 3657 ιι)
420 3594 604 3641 Landat·
640 3608 677 3644 S·
717 3594 959 3655 ’Stephani’
1008 3595 1123 3654 ’ΨΜ
1160 3596 1326 3642 23003·
1411 3623 1649 3671 ostendunt
1692 3622 1947 3669 testimonia
1985 3621 2196 3668 Aristeae
2243 3619 2358 3681 apud
2394 3618 2532 3664 Euse-

203 3682 378 3745 gnium⁷
414 3697 520 3743 pag·
557 3683 670 3731 339·
1409 3715 1531 3761 bium
1581 3713 1735 3772 Praep.
1788 3710 1964 3769 Evang.
2018 3711 2096 3756 lib.
2133 3709 2250 3757 VIII.
2289 3721 2400 3767 -cap·
2447 3707 2528 3767 IX,

310 3785 384 3847 ¹²)
452 3787 501 3832 111
569 3788 671 3834 Joh-
741 3787 861 3834 hom·
919 3785 1196 3833 Lxxxvm.
1268 3787 1323 3833 al·
1408 3803 1596 3863 Josephi
1619 3800 1838 3860 Antiquit.
1863 3799 2070 3845 Prooem.
2108 3798 2153 3859 3.
2178 3797 2254 3859 lv,
2291 3802 2336 3842 et
2358 3796 2435 3842 lib.
2457 3796 2529 3842 111.

201 3874 456 3922 LXXXVII.
501 3890 544 3921 n.
585 3875 629 3922 1.
1409 3906 1507 3952 cap.
1542 3890 1652 3950 VII,
1686 3889 1885 3969 Philonis
1922 3889 1977 3935 de
2012 3887 2237 3935 Abraham
2272 3898 2377 3945 pag.
2415 3885 2526 3945 357,

309 3977 382 4039 ¹³)
416 3977 512 4025 Gal.
539 3978 573 4024 Ι.
605 3977 691 4025 18;
730 3971 922 4026 Ἔπειτα
956 3972 1074 4041 μετά
1106 3974 1185 4040 ἔτη
1217 3978 1325 4043 τρία
1409 3982 1465 4028 de
1501 3979 1678 4039 migrat.
1714 3978 1939 4025 Abraham
1976 3991 2114 4038 pagg.
2151 3972 2440 4033 402—-404,
2488 3977 2532 4018 et

199 4059 413 4128 ἀνῆλθον
447 4065 509 4121 εἰς
541 4059 834 4140 Ἰεροσόλυμα
859 4063 1101 4131 ἱστορῆσαι
1123 4066 1324 4133 Πέτρον,
1410 4070 1466 4118 de
1501 4067 1706 4128 Profugis
1743 4079 1850 4128 pag.
1877 4067 1991 4115 466.
2029 4065 2137 4113 edit.
2165 4061 2356 4111 Turnebi
2385 4059 2527 4123 1691,
