2574 4276
163 95 231 143 24
486 116 492 123 ·
1042 90 1549 146 PROLEGOMEN
1552 91 1601 146 A

162 248 263 286 non
305 232 627 296 coordinata,
677 231 767 285 sed
813 230 1152 284 subordinata
1198 233 1373 284 merito
1421 234 1770 286 existimentur.
1841 235 2071 290 Eminere
2106 239 2234 291 inter
2269 254 2329 291 ea
2363 253 2481 307 pro-

162 326 311 378 bandi
354 326 698 393 perspicuitate
743 330 889 391 atque
925 323 1109 375 robore
1149 338 1276 389 quae
1311 323 1532 376 referunt
1565 324 1836 378 Matthaeus
1870 330 1910 394 ⁶,
1947 329 2104 383 Lucas
2140 334 2177 398 ⁷,
2215 338 2266 383 et
2299 330 2482 383 Johan-

165 433 256 471 nes
293 421 331 486 ⁸3
371 423 538 469 cetera
573 417 807 482 subsequi
841 414 991 465 veluti
1028 420 1156 465 astra
1192 415 1397 481 minora,
1437 431 1564 482 quae
1605 417 1868 488 splendore
1902 420 2096 485 quidem
2131 437 2232 474 non
2269 429 2482 490 careant,

164 526 261 563 nec
295 517 462 562 tamen
492 510 564 562 sic
599 509 822 572 luceant,
872 511 924 556 ut
962 521 1026 556 ex
1070 507 1128 557 iis
1166 521 1391 558 seorsum
1429 514 1574 574 atque
1608 508 1799 560 divisim
1835 509 2132 564 meridianus
2166 513 2331 582 fulgor
2366 514 2487 565 emi-

167 618 282 655 care
325 602 502 669 possit:
550 600 670 663 illis,
716 603 768 647 ut
811 596 954 663 periti
997 598 1115 650 iuris
1151 599 1437 666 loquuntur,
1482 599 1808 665 probationes
1845 602 2111 669 contineri,
2156 619 2221 656 ex
2254 605 2330 659 his
2366 620 2486 657 vero

168 696 499 757 coniecturaS,
548 688 874 756 praeiudicia,
923 692 1267 757 exceptiones,
1321 691 1512 759 aliaque
1558 692 1701 743 huius
1748 693 1949 759 generis
1989 682 2278 747 adminicula
2312 698 2483 765 repeti,

169 787 341 855 quibus
379 797 586 836 caussae
625 780 847 832 defensio
882 796 981 832 non
1020 783 1334 835 mediocriter
1370 786 1571 836 iuvatur.

345 907 425 953 30.
499 899 656 960 Quum
705 902 853 969 igitur
898 904 1006 955 talis
1044 906 1103 956 sit
1141 911 1332 957 mutuus
1370 911 1588 957 textuum
1624 905 1838 973 habit-uS,
1887 912 1936 958 et
1972 901 2183 971 σχετική
2219 904 2485 972 ὑπόταξις,

168 997 366 1049 minime
405 992 595 1060 dubito,
637 995 752 1060 quin
793 1010 966 1047 omnes
1004 998 1289 1049 concessuri
1325 997 1445 1063 sint,
1486 999 1758 1050 cavendum
1795 1001 1984 1051 naviter
2022 1015 2158 1067 esse,
2197 1016 2261 1052 ne
2302 1002 2490 1068 potiora

164 1086 549 1157 posthabeantur
572 1085 932 1154 infirmioribUS,
973 1094 1054 1139 aut
1089 1090 1233 1140 etiam
1261 1090 1451 1157 penitus
1480 1090 1808 1158 negligantur.
1882 1091 1934 1143 Id
1971 1093 2101 1143 enim
2128 1093 2247 1144 citra
2285 1108 2490 1145 caussae

166 1181 453 1246 discrimen,
502 1194 881 1246 supremamque
930 1181 1224 1247 perniciem,
1271 1182 1355 1231 vix
1400 1188 1481 1232 aut
1526 1198 1590 1234 ne
1636 1185 1720 1234 vix
1767 1183 1961 1250 quidem
2009 1185 2299 1252 contingere
2342 1199 2492 1252 posse

167 1274 371 1326 videtur.
444 1271 637 1324 Etenim
675 1273 751 1323 sin
787 1274 945 1325 minus
984 1272 1033 1323 in
1069 1287 1125 1324 se
1163 1279 1308 1340 atque
1347 1266 1546 1335 ὅντως,
1568 1273 1629 1325 ad
1665 1274 1893 1326 iudicium
1931 1275 2103 1328 saltem
2141 1276 2274 1343 quod
2307 1282 2493 1344 spectat

166 1372 411 1432 nostrum,
459 1364 948 1432 aestimationemque
990 1364 1260 1432 legentium
1309 1379 1483 1417 caussa
1529 1365 1848 1439 periclitatur,
1900 1369 1941 1420 si
1988 1368 2289 1436 argumentis
2334 1367 2491 1420 solum

167 1458 441 1523 imbecillis,
481 1456 562 1507 vel
597 1463 917 1524 praepostere
945 1457 1165 1524 delectiS,
1205 1473 1369 1524 neque
1406 1463 1517 1524 apte
1544 1457 1806 1530 distributis
1845 1466 1894 1511 et
1931 1456 2164 1528 ἀκριβῶς
2206 1460 2434 1528 expensis
2471 1461 2489 1487 ⁹

168 1551 507 1602 communitur.
580 1546 762 1599 Nescio
809 1549 939 1599 enim
990 1564 1085 1616 quo
1133 1556 1275 1617 pacto
1322 1549 1532 1613 accidat,
1583 1550 1714 1615 quod
1753 1551 1979 1604 accidere
2017 1558 2182 1604 tamen
2219 1552 2492 1604 certissime

165 1644 304 1710 novi,
350 1648 404 1693 ut
451 1641 513 1692 de
556 1655 764 1692 caussae
813 1642 1041 1708 qualitate
1093 1659 1157 1694 ex
1201 1644 1259 1694 iis
1306 1642 1457 1710 vulgo
1496 1641 1811 1710 arbitremur,
1860 1659 1986 1710 quae
2025 1643 2087 1695 ad
2129 1644 2257 1696 illius
2294 1643 2492 1695 tutelam

167 1741 479 1806 promuntur3
518 1732 644 1784 adeo
681 1739 733 1784 ut
766 1733 946 1785 bonam
985 1751 1043 1786 ac
1076 1736 1221 1786 etiam
1258 1736 1487 1803 optimam
1523 1750 1633 1786 eam
1672 1734 1956 1803 habeamuS,
1995 1751 2141 1804 quam
2176 1736 2333 1803 boniS,
2369 1735 2491 1803 opti-

167 1830 359 1895 misque
395 1815 1015 1894 argumentis'confirmari
1057 1829 1320 1894 cernimUS,
1358 1827 1535 1878 malam
1561 1832 1729 1877 contra
1767 1827 1847 1878 vel
1882 1828 2026 1878 etiam
2059 1829 2323 1895 pessimam
2360 1828 2490 1879 illam

168 1922 454 1986 iudicemus,
497 1934 643 1986 quam
679 1919 830 1985 tricis,
872 1920 1147 1987 ineptisque
1180 1920 1482 1987 argumentis
1508 1918 1766 1986 adprobari
1793 1919 2084 1985 experimur.
2158 1919 2295 1972 Unde
2328 1920 2489 1971 tritum

168 2014 286 2066 illud
323 2011 499 2065 extitit:
541 2029 736 2063 caussa
763 2018 1050 2078 patrocinio
1084 2031 1186 2065 non
1223 2012 1352 2064 bona
1386 2016 1529 2076 peior
1565 2015 1678 2060 erit.

355 2140 436 2187 31.
512 2134 670 2195 Quem
709 2134 962 2201 scopulum
1000 2150 1101 2185 non
1143 2150 1316 2186 omnes
1352 2133 1560 2185 feliciter
1585 2132 1876 2201 declinasse,
1915 2148 2086 2184 eorum
2123 2148 2250 2200 quae
2283 2133 2494 2202 legimus

171 2245 348 2298 opera,
403 2233 452 2279 et
500 2228 905 2295 gravissimorum
964 2227 1316 2295 theologorum,
1369 2227 1603 2294 querelae
1663 2225 1855 2277 abunde
1903 2225 2209 2292 patefaciunt.
2281 2224 2507 2292 Legatur*

172 2337 292 2377 sane
340 2327 510 2389 quarta
553 2318 748 2387 Dupinii
795 2319 856 2371 de
904 2318 1116 2386 Antiqua
1162 2319 1417 2371 Ecclesiae
1463 2318 1726 2388 Disciplina
1775 2319 2073 2385 dissertatiO,
2125 2323 2174 2369 et
2210 2332 2355 2385 quem
2389 2317 2495 2385 ipse

175 2415 400 2467 habuerit
434 2412 775 2480 probationum
816 2411 1086 2478 delectum,
1128 2428 1247 2479 quas
1284 2411 1592 2480 praetulerit,
1633 2426 1817 2478 quasve
1851 2410 2157 2478 neglexerit,
2194 2409 2355 2477 paullo
2391 2409 2499 2460 inti-

178 2509 305 2559 mius
343 2506 697 2558 consideretur.
771 2504 1053 2573 Apparebit,
1094 2521 1205 2556 eum
1238 2504 1330 2557 illis
1369 2505 1451 2555 vix
1484 2503 1653 2571 fidere,
1693 2519 1819 2571 quae
1857 2519 1883 2555 a
1919 2502 2162 2555 Matthaeo
2189 2505 2251 2568 ¹⁰,
2288 2502 2419 2554 Luca
2448 2503 2486 2528 ¹¹

173 2607 222 2652 et
257 2599 481 2652 Johanne
517 2600 559 2624 ¹²
600 2604 891 2665 narrantur,
927 2596 1017 2650 sed
1041 2603 1193 2648 totum
1219 2598 1268 2647 in
1294 2612 1354 2648 eo
1383 2612 1514 2663 esse,
1551 2603 1603 2648 ut
1629 2597 1905 2648 testimonia
1932 2595 2159 2661 inculcet,
2208 2594 2379 2661 quibus
2415 2592 2497 2644 vel

171 2695 388 2746 omnium
424 2692 608 2759 primus
648 2697 948 2742 memoratur
981 2690 1174 2756 PetruS,
1224 2689 1305 2740 vel
1339 2690 1583 2756 absolute,
1631 2689 2011 2756 simpliciterque
2047 2688 2258 2754 πρῶτος
2304 2699 2490 2736 nuncu-

173 2794 339 2855 patur:
378 2786 429 2836 in
463 2784 539 2835 his
579 2785 880 2844 consistere,
922 2789 1066 2849 atque
1111 2798 1175 2833 ex
1210 2782 1286 2833 his
1324 2796 1529 2834 caussae
1566 2780 1794 2832 iudicium
1830 2779 2150 2847 repetendum
2187 2776 2492 2829 confirmare.

176 2881 345 2947 Inepte
384 2878 583 2928 omnino
626 2892 684 2927 ac
718 2876 1022 2943 periculose,
1065 2891 1211 2942 quum
1249 2876 1463 2942 ineptum
1495 2876 1578 2941 sit,
1615 2873 1754 2925 hasta
1791 2873 2027 2940 seposita,
2063 2871 2256 2940 pugniS,
2294 2868 2494 2920 baculo-

178 2988 273 3040 que
313 2969 583 3037 congredi,
614 2967 834 3035 periculo
873 2975 1035 3019 autem
1072 2984 1172 3019 non
1210 2974 1378 3034 vacet,
1415 2967 1593 3020 summi
1626 2965 1857 3033 ponderis
1901 2966 2182 3028 veritatem,
2220 2967 2269 3012 et
2304 2961 2494 3028 gravis-

178 3066 354 3118 simum
392 3061 661 3113 catholicae
698 3060 1021 3129 professionis
1061 3061 1313 3112 articulum
1350 3061 1407 3112 iis
1451 3060 1597 3112 armis
1632 3063 1913 3125 protegere,
1953 3072 1980 3107 a
2020 3054 2192 3122 quibus
2229 3054 2496 3106 adversarii

177 3172 278 3210 non
315 3155 408 3208 sibi
457 3153 718 3206 admodum
755 3155 971 3204 timeant.
1046 3153 1206 3212 Quare
1244 3153 1414 3204 Petrus
1452 3150 1739 3204 Ballerinius
1771 3150 1811 3175 ¹³
1855 3148 1904 3199 id
1936 3146 2144 3214 Dupinio
2180 3147 2294 3197 vitio
2335 3148 2492 3214 vertit,

181 3250 412 3315 serioque
439 3248 640 3313 monuit,
680 3246 921 3298 eiusmodi
946 3243 1237 3315 σφάλματα
1264 3245 1413 3296 multo
1444 3258 1557 3295 esse
1581 3241 1949 3309 periculosiora,
1987 3254 2131 3305 quam
2157 3240 2311 3306 prima
2337 3238 2495 3290 fronte

181 3342 449 3394 videantur.
524 3339 666 3400 Quod
702 3355 765 3390 ne
802 3339 894 3390 sibi
922 3338 1166 3389 excidisse
1192 3339 1366 3404 potius,
1408 3352 1551 3403 quam
1587 3350 1643 3386 re
1667 3334 1857 3401 penitus
1883 3333 2099 3397 inspecta
2131 3347 2158 3381 a
2196 3346 2250 3382 se
2286 3331 2495 3382 affirma-

180 3442 282 3488 tum
321 3433 632 3498 crederetur,
673 3432 902 3482 continuo
938 3430 1288 3496 animadvertit,
1329 3429 1681 3497 descriptisque
1708 3424 1900 3492 Dupinii
1930 3422 2094 3474 verbis
2130 3422 2492 3489 demonstravit,

286 3633 333 3695 ⁶)
370 3632 522 3678 Matth.
559 3630 677 3677 XVI.
717 3628 950 3676 15—-20,
1491 3625 1562 3686 ¹⁰)
1595 3623 1746 3669 Matth.
1783 3620 1901 3667 XVI.
1940 3619 2016 3666 15.
2053 3633 2175 3679 seqq.

289 3722 336 3784 7)
370 3722 474 3768 Luc·
509 3721 646 3767 ΧΧῙῙ·
683 3719 917 3766 31—33·
1493 3740 1563 3803 ¹¹)
1597 3739 1700 3787 Luc.
1735 3737 1871 3785 XXII.
1911 3737 1989 3783 31.
2026 3751 2150 3797 seqq.

291 3810 337 3873 8)
372 3810 475 3909 ‘¹⁰¹3‘
511 3808 627 3907 Χὲι
668 3808 900 3907 ·15—¹8'
1139 3895 1147 3903 -
1491 3858 1564 3921 ¹2)
1599 3859 1700 3905 Joh.
1735 3856 1852 3903 xxl.
1892 3855 1967 3902 15.
2004 3870 2126 3915 seqq.

292 3901 338 3963 ⁹)
374 3899 459 3955 Qm
501 3911 617 3944 emm
666 3901 727 3942 lta
774 3910 824 3942 se
867 3900 1050 3957 gerunt,
1104 3895 1149 3940 hi
1194 3907 1300 3938 sane

188 3991 373 4054 probam
407 4002 497 4035 non
532 3988 703 4035 faciunt
737 3999 940 4032 caussam
974 3985 1138 4046 iudici,
1173 3987 1302 4042 atque
1495 3976 1566 4038 13)
1598 3975 1666 4025 De
1701 3974 1749 4021 vi
1783 3977 1828 4018 et
1859 3974 2032 4019 ratione
2055 3972 2281 4031 Primatus,
2318 3982 2414 4030 cap.
2436 3969 2490 4015 V.

192 4083 306 4130 adeo
340 4095 397 4129 ne
430 4079 624 4141 probant
659 4077 851 4138 quidem.
1384 4082 1457 4114 nn.
1490 4064 1657 4113 4--6-
