2574 4276
667 764 1142 915 {ABER
1236 771 1799 888 PRIMUS

973 1007 1499 1149 cAPUT'l.

621 1238 704 1290 De
728 1254 931 1302 norma,
969 1237 1040 1289 ad
1063 1241 1217 1302 quam
1238 1253 1461 1311 caussae
1490 1234 1732 1286 iudicium
1762 1235 1906 1299 exp-2⁹92·
1931 1227 2098 1281 debet.-
2136 1259 2202 1268 --
2238 1234 2391 1294 atque

443 1331 571 1382 adeo
617 1331 678 1382 de
725 1336 775 1381 vi
809 1337 862 1383 et.
895 1335 1094 1382 ratione
1125 1346 1347 1380 caussae
1381 1332 1574 1392 ipsius:
1607 1348 1676 1364 -·-
1728 1341 1790 1375 ea
1822 1327 2046 1388 pertinet
2081 1320 2151 1373 ad
2184 1318 2394 1370 illarum

443 1428 661 1488 speciem
707 1438 1040 1484 caussarum,
1095 1418 1277 1485 quibus
1329 1419 1390 1470 de
1435 1416 1699 1486 voluntate
1742 1422 1791 1466 et
1836 1414 2036 1472 decreto
2081 1418 2392 1464 institutoris

445 1519 736 1579 quaeritur:
771 1546 840 1553 —
875 1514 1064 1566 indicia
1115 1527 1235 1581 erqo
1284 1516 1454 1563 omnia
1501 1507 1656 1560 huius
1701 1504 1982 1581 voluntatis
2033 1505 2237 1557 lotidem
2273 1511 2397 1555 sunt

444 1603 735 1674 sinqulares
785 1605 1014 1674 requlae‚
1074 1623 1102 1656 e
1159 1599 1341 1669 quibus
1397 1598 1778 1652 controversiae
1822 1598 2009 1649 decisio
2057 1597 2274 1663 pendet.-
2329 1628 2397 1635 —-

447 1703 652 1762 quinam
689 1695 1014 1748 characteres
1038 1695 1178 1748 hisce
1199 1695 1403 1746 indiciis
1434 1699 1606 1744 inesse
1644 1689 1890 1751 debeantz
1931 1723 1993 1730 —
2032 1690 2169 1741 unde
2201 1693 2397 1740 eoeistat

446 1786 755 1839 universalis
791 1806 999 1853 norma,
1039 1794 1139 1858 ‘cuz'-
1162 1803 1461 1853 supremam
1496 1785 1742 1836 iudicium
1778 1782 2076 1848 respondet.-
2112 1814 2180 1820 —
2218 1781 2397 1833 discri-

448 1897 566 1931 men
600 1885 732 1931 inter
766 1880 1108 1932 universalem
1137 1895 1392 1940 normam,
1428 1875 1664 1950 leqesqae
1699 1872 2024 1943 sinqalares:
2059 1905 2128 1912 ——-
2162 1871 2399 1925 illustra-

449 1978 560 2022 tur.-
581 2002 650 2010 -
673 1973 1099 2024 animadvertitur
1122 1978 1176 2023 in
1198 1974 1558 2036 protestantes,
1596 1968 1731 2033 quod
1748 1972 2133 2033 praeposteram
2156 1951 2400 2032 μέθοδον

453 2061 746 2132 deleqerint.
1952 2053 1954 2055 ’
2140 2064 2143 2067 ’

284 2330 326 2375 1.
399 2245 625 2414 Quum
660 2323 826 2391 plura,
879 2324 1170 2391 diversaque
1208 2326 1303 2376 sint
1334 2324 1610 2375 testimonia
1649 2326 1682 2390 ¹,
1736 2338 1861 2392 quae
1899 2322 1960 2373 ad
1993 2325 2303 2387 praesentem
2342 2317 2402 2370 de

107 2415 232 2467 Petri
276 2415 627 2482 praerogativis
674 2416 1008 2465 tractationem
1053 2415 1353 2481 referuntur,
1408 2417 1628 2482 quaestio
1677 2415 1885 2481 primum
1922 2413 2140 2464 oboritur
2159 2451 2172 2478 ,
2224 2412 2333 2477 quo'
2356 2412 2405 2461 in

108 2522 309 2557 numero
345 2506 516 2557 haberi
550 2505 628 2556 illa
665 2505 901 2571 debeant,
948 2521 1107 2579 quove
1142 2513 1284 2572 pacto
1317 2506 1401 2557 ,vel
1437 2506 1629 2572 singula
1666 2521 1914 2571 seorsum,
1972 2503 2060 2555 vel>
2090 2504 2252 2555 omnia
2289 2517 2405 2553 con-

109 2597 304 2647 iunctim
339 2596 399 2647 ad
439 2598 581 2647 totius
621 2611 822 2649 caussae
858 2596 1108 2663 iudicium,
1157 2597 1583 2663 definitionemque
1608 2598 1911 2649 conducant.
1985 2596 2120 2655 Quae
2158 2595 2404 2660 dubitatio,

108 2688 148 2739 si
184 2686 342 2753 paullo
378 2688 654 2753 inspiciatur
687 2689 918 2755 penitius,
958 2689 1196 2739 eiusmodi
1234 2695 1458 2755 apparet,
1504 2695 1555 2739 ut
1593 2689 1652 2739 ab
1690 2705 1750 2739 ea
1785 2704 1885 2739 non
1923 2676 2183 2738 admodum
2222 2686 2407 2737 discre-

105 2784 199 2844 pet,
239 2794 332 2844 qua
365 2779 553 2845 petitur,
594 2794 832 2845 quaenam
868 2778 1127 2846 deligenda
1164 2782 1225 2831 sit
1259 2795 1458 2847 norma,
1496 2787 1546 2830 ut
1582 2780 1838 2831 ferendum
1872 2780 1933 2851 de
1971 2768 2145 2830 caussa
2180 2778 2408 2828 iudicium

110 2885 218 2919 cum
262 2871 462 2921 veritate
520 2869 788 2936 conspiret,
849 2876 897 2921 et
950 2872 1238 2937 sapientium
1283 2873 1497 2922 omnium
1546 2871 1859 2938 suffragium,
1912 2860 2408 2938 approbationemque

112 2967 366 3011 mereatur.
440 2960 695 3011 Neminem
730 2976 851 3012 vero
890 2960 997 3012 fore
1033 2968 1172 3028 put0,
1226 2979 1371 3028 quem
1409 2964 1578 3031 lateat,
1629 2963 1868 3016 eiusmodi
1903 2977 2125 3013 normam
2161 2960 2410 3028 praestitui

28 3116 36 3125 ,
110 3051 201 3101 rite
235 3067 331 3102 non
365 3067 527 3118 posse,
565 3054 658 3104 nisi
690 3053 881 3119 species
906 3052 1182 3119 innotuerit,
1222 3069 1316 3119 qua
1353 3069 1558 3105 caussae
1594 3050 1718 3107 ratio
1757 3056 2045 3105 continetur.
2120 3050 2410 3103 Incredibile

116 3141 242 3190 enim
277 3142 403 3193 dictu
439 3149 538 3211 est,
593 3159 735 3209 quam
780 3145 971 3211 variae,
1022 3160 1264 3210 quamque
1314 3145 1539 3198 diversae
1575 3162 1663 3214 pro
1712 3148 1974 3212 varietate,
2029 3158 2411 3209 caussarumque

117 3229 385 3285 discrimine
423 3235 517 3286 sint
552 3236 783 3302 regulae:
831 3252 1072 3303 quamque
1109 3238 1142 3286 ii
1175 3236 1397 3287 fallantur
1433 3228 1674 3307 graviter,
1726 3241 1808 3306 qui
1845 3238 2031 3289 caussis
2070 3237 2267 3287 omnino
2308 3249 2412 3283 om-

117 3319 255 3371 nibus
304 3336 468 3391 unam,
521 3327 841 3392 eamdemque
891 3327 1190 3393 praefinitam
1243 3343 1464 3379 normam
1518 3331 1821 3383 arbitrantur,
1911 3328 2136 3380 Profecto
2192 3327 2285 3377 alia
2340 3331 2416 3376 est

118 3426 312 3477 norma,
357 3412 448 3480 qua
487 3419 820 3483 geometricae
869 3419 1207 3483 quaestioneS,
1262 3425 1310 3469 et
1356 3419 1447 3471 alia
1485 3437 1579 3487 qua
1616 3423 1933 3477 mechanicae
1972 3428 2020 3471 et
2056 3418 2413 3471 astronomicae

118 3501 423 3554 dirimuntur:
464 3522 629 3577 *neque
666 3509 795 3559 idem
834 3515 909 3559 est
944 3506 1228 3576 κριτήριον,
1278 3507 1373 3575 quo
1412 3511 1473 3563 de
1511 3515 1861 3566 controversiis
1898 3511 2176 3577 historiciS,
2232 3515 2281 3561 et
2316 3523 2413 3574 quo

120 3592 179 3643 de
214 3592 871 3660 philosophicisiudicamuS.
1081 3662 1083 3665 ¹

294 3690 339 3735 2.
411 3686 636 3742 Jamvero
670 3693 980 3758 perspicuum
1019 3699 1108 3757 est,
1148 3708 1257 3743 eam
1292 3694 1432 3746 nobis
1451 3712 1571 3762 prae
1596 3697 1818 3748 manibus
1857 3708 2081 3746 caussam
2119 3706 2247 3757 esse,
2288 3705 2413 3756 quae

117 3774 303 3826 illarum
340 3779 504 3843 specie
541 3783 989 3848 comprehenditur,
1040 3783 1213 3848 quibus
1250 3785 1543 3854 postulatur,
1591 3785 1861 3837 cuiusmodi
1898 3785 2093 3835 censeri
2130 3783 2308 3834 debeat
2343 3783 2414 3830 in-

117 3866 347 3918 stitutoris
384 3869 603 3921 voluntas
638 3873 924 3926 authenticis
960 3876 1304 3927 instrumentis·
1326 3878 1614 3943 consignata
1652 3876 1712 3926 de
1749 3876 2126 3942 praerogativis,
2179 3887 2298 3939 quas
2333 3872 2415 3939 uni

118 3970 236 4022 prae
284 3958 387 4010 aliis
427 3964 677 4028 ceteroqui
710 3964 904 4031 paribus
941 3965 1211 4016 contulerit.
1285 3967 1389 4018 Huc
1427 3969 1555 4018 enim
1593 3967 1834 4034 indaginis
1875 3982 2085 4031 summa,
2137 3971 2186 4014 et
2221 3968 2414 4013 contro-

233 4142 274 4205 ¹)
308 4144 481 4206 Proleg.
517 4161 611 4208 cap.
638 4149 713 4196 lv.

206 4245 389 4276 Passnfflin
401 4272 409 4276 .
436 4253 722 4276 nnmmnnffnrinm
2020 4241 2053 4276 α
