2574 4276
171 95 274 145 56⁰
993 93 1214 146 LIBER
1283 92 1676 149 SECUNDUS

166 249 267 286 non
304 241 380 287 est
416 250 512 302 qua
549 234 680 285 idem
725 238 862 298 notat
905 248 964 284 ac
1010 232 1187 284 itidem
1235 237 1285 284 et
1330 238 1571 284 vicissim.
1655 234 1762 285 Hoc
1811 250 1964 289 sensu
2015 236 2124 305 plus
2171 238 2331 290 semel
2377 238 2506 306 apud

164 327 404 394 profanos
443 327 738 392 scriptores,
778 338 943 391 neque
979 323 1320 391 infrequenter
1356 325 1484 392 apud
1519 340 1691 377 sacros
1717 327 1771 378 ³⁸,
1806 327 2033 379 occurrit.
2106 328 2320 381 Incisum
2356 345 2499 398 ergO,

168 420 257 472 καὶ
294 415 360 470 σύ
396 434 522 468 ποτε
559 413 719 467 παλιν
755 401 995 480 στήριξον
1028 414 1151 476 τούς
1189 413 1459 486 ἀδελφούς
1499 431 1627 478 σου,
1667 418 1740 468 sic
1776 418 2026 482 aptissime
2061 421 2312 473 redditur:
2362 428 2413 473 et
2446 428 2503 474 tu

167 516 395 563 vicissim
429 506 712 573 aliquando
732 508 779 534 ³⁹
823 505 1074 574 confirma
1101 506 1312 575 fratres
1349 515 1479 560 tuos.

348 601 435 651 Cui
469 599 861 666 interpretationi
899 599 1222 651 vindicandae
1257 599 1675 668 illustrandaeque
1714 607 1763 652 et
1804 601 1922 652 illud
1958 566 2035 653 III.
2076 603 2330 672 conducit,
2369 605 2502 673 quod
2569 595 2571 597 *

170 691 322 744 verba
347 686 473 753 2778
501 697 551 742 et
574 693 875 760 ἐπιστρέψω
913 706 1013 742 11011
1048 692 1302 742 notionem
1338 698 1522 744 tantum
1560 698 1812 758 temporis,
1851 701 2066 745 actusve
2101 701 2186 759 qui
2222 704 2497 762 repetatur,

167 799 340 836 verum
380 784 527 835 etiam
564 780 918 855 αντιστροφῆς
953 799 1054 835 11011
1090 799 1206 836 raro
1244 784 1596 851 praeseferant.
1668 784 1772 836 Hac
1805 787 2011 837 notione·
2032 785 2324 838 adhibentur
2347 787 2496 840 ubi⁴⁰

166 876 406 943 legimus:
462 881 609 963 0037
648 873 795 959 3712]
831 876 967 955 32:177
1004 881 1104 956 119,
1155 876 1232 939 τίς
1271 873 1416 929 οἶδεν
1451 881 1498 929 εἰ
1535 882 1840 947 ἐπιστρέψει
1876 876 2335 944 καὶμετανοήσευ
2383 885 2499 945 quis

165 1011 275 1067 scit,
314 1023 383 1056 an
408 1022 510 1055 non
535 1004 815 1055 contritioni
841 1010 1040 1056 nostrae
1078 1010 1238 1056 vicem
1274 991 1559 1072 rependens
1595 1007 1872 1076 iqnoscatP
1915 1007 2241 1074 eamdemque
2279 1008 2500 1060 obtinent
2562 1008 2574 1059 'l

165 1098 417 1149 notionem
453 1096 598 1148 ubi⁴¹
644 1096 844 1148 dicitur:
898 1078 1242 1186 &amp-17³2
1277 1101 1396 1177 ³793
1436 1081 1521 1163 ⁴7:
1559 1100 1703 1189 ³217?
1742 1081 1904 1185 qslyy
1943 1093 2142 1178 ῃηζᾷῃ,
2181 1102 2501 1171 ἐπέστρεψεν
2567 1088 2574 1154 ’ξ

167 1226 251 1277 ἐπὶ
299 1224 359 1277 σὲ
405 1222 586 1292 κύριος
634 1221 809 1277 πάντα
852 1218 918 1277 τα
960 1225 1160 1293 αἵματα
1216 1228 1311 1279 τοῦ
1365 1225 1513 1278 οἴκου
1562 1223 1753 1291 Zeti,
1804 1227 1853 1278 id
1889 1234 1964 1279 est
2002 1243 2066 1279 ex
2101 1229 2502 1296 interpretatione
2569 1292 2571 1294 ³

165 1318 375 1386 Vulgati,
414 1318 636 1370 reddidit
660 1320 706 1345 ⁴²
747 1315 839 1369 tibi
876 1316 1129 1369 Dominus
1164 1324 1465 1370 universum
1499 1325 1804 1388 sanquinem
1839 1319 2018 1371 domus
2053 1317 2205 1372 Saul.
2278 1321 2371 1373 Fas
2410 1323 2502 1389 igi-
2570 1359 2574 1363 -

164 1417 241 1462 tur
288 1417 364 1463 est
408 1411 457 1461 in
494 1426 555 1462 eo
605 1427 753 1478 quem
802 1426 1059 1463 versamus
1107 1417 1364 1476 contextU,
1423 1415 1743 1482 ἐπιστρέψας
1779 1412 1997 1471 reddere,
2031 1410 2214 1476 πάλιν,
2271 1414 2500 1465 nimirum

168 1501 466 1572 άμοιβαίως
504 1520 562 1555 ac
599 1508 839 1554 vicissim.
2572 1495 2574 1502 '

348 1600 463 1647 198.
537 1596 723 1656 Quibus
762 1611 861 1664 ego
896 1595 1015 1647 nihil
1051 1610 1255 1662 prorsus
1293 1595 1553 1661 adderem,
1614 1598 1708 1648 nisi
1759 1596 1851 1648 alia
1903 1612 1958 1648 se
2009 1596 2127 1647 mihi
2164 1598 2499 1664 interpretatio

164 1687 381 1755 offerret,
421 1703 547 1754 quae
574 1704 683 1739 cum
709 1688 804 1746 hac
841 1703 942 1740 non
978 1689 1137 1739 minus
1174 1677 1442 1753 splendore
1479 1704 1626 1756 quam
1662 1687 1990 1754 simplicitate
2026 1703 2118 1740 suo
2155 1690 2329 1740 merito
2363 1703 2499 1740 com·

162 1786 376 1848 paretur.
440 1780 569 1833 Sane
608 1780 752 1832 video
789 1782 840 1832 in
876 1781 1076 1848 graecis
1113 1781 1368 1847 utriusque
1406 1781 1686 1832 testamenti
1720 1780 1856 1831 libris
1895 1780 2346 1848 frequentissimum
2381 1796 2496 1833 esse
2570 1776 2574 1799 ¹

163 1888 306 1924 usum
341 1873 480 1924 verbi
514 1876 827 1941 ἐπιστρέψω,
866 1879 917 1924 ut
942 1871 1186 1924 benevola
1221 1877 1409 1923 mentis
1450 1877 1707 1937 animique
1743 1878 1797 1923 in
1836 1871 2056 1938 aliquem
2095 1878 2373 1937 conversiO,
2412 1891 2500 1924 su-
2571 1922 2574 1923 ⁷

164 1971 439 2030 sceptaque
477 1966 540 2017 de
575 1983 633 2017 eo
681 1983 812 2017 cura
863 1965 1212 2033 exprimantur.
1284 1964 1363 2015 Ad
1397 1963 1529 2015 hunc
1578 1964 1919 2016 stabiliendum
1964 1980 2108 2016 usum
2155 1967 2246 2016 ista
2297 1971 2495 2032 praeter

166 2057 258 2108 alia
292 2059 539 2125 pertinent
563 2060 641 2106 ⁴³:
678 2059 998 2126 ἐπίστρεψον
1033 2059 1195 2125 κύριε,
1234 2063 1527 2108 convertere
1550 2055 1768 2108 Domine
1792 2063 1840 2107 et
1877 2063 2013 2122 eripe
2048 2062 2273 2108 animam
2310 2074 2502 2112 meam.-
2569 2085 2574 2115 ,·

165 2154 485 2219 ἐπιστρεῆρας
523 2148 885 2214 ἐζωοποίησαῖς
922 2169 1015 2218 με,
1072 2167 1350 2201 conversus
1387 2148 1666 2217 vivificasti
1702 2166 1812 2200 me.-
1864 2152 2180 2215 ἐπιστρέψας
2217 2147 2501 2214 παρεκάλε-
2568 2179 2574 2224 4

167 2242 264 2304 σας
303 2262 400 2311 με,
463 2261 743 2295 conversus
781 2242 1076 2294 consolatus
1115 2261 1169 2293 es
1209 2260 1316 2293 me:
1375 2243 1692 2310 ἐπίστρεψον
1725 2242 1818 2306 δή,
1879 2248 2179 2294 convertere
2216 2248 2412 2304 autem,
2451 2247 2501 2292 et
2568 2241 2574 2260 ³

108 2342 113 2344 “
167 2341 367 2401 respice
402 2336 464 2387 de
508 2334 679 2387 caelo:
738 2335 1058 2404 ἐπίστρεψον
1096 2335 1267 2402 κύριε,
1328 2341 1620 2386 convertere
1658 2333 1903 2397 Domine,
1966 2342 2014 2385 et
2063 2332 2346 2385 eoeorabilis
2389 2340 2503 2385 esto
2566 2329 2574 2428 Ξ

167 2446 323 2493 super
370 2446 548 2479 servos
597 2435 740 2479 tuos:
801 2431 1144 2495 ἐπιστρέψατε
1189 2426 1322 2494 πρὸς
1368 2431 1460 2494 με’,
1523 2428 1611 2479 καὶ
1661 2425 2117 2497 ἐπιστραφήσομαι
2163 2426 2297 2492 πρὸς
2344 2423 2499 2492 ὑμᾶς,
2567 2434 2574 2492 “3

167 2526 519 2572 convertimini
555 2521 627 2572 ad
659 2539 759 2583 me,
800 2528 847 2572 et
889 2538 979 2589 eqo
1015 2527 1288 2571 convertar
1325 2521 1396 2571 ad
1429 2539 1544 2571 cos.-
1600 2521 1627 2571 ὁ
1667 2520 1727 2572 δὲ
1764 2519 1965 2583 Ἰησοῦς
2003 2519 2368 2590 ἐπιστραφείς,
2406 2515 2499 2568 Je-
2566 2498 2574 2595 Ξ

166 2631 260 2663 sus
298 2620 472 2664 autem
512 2630 791 2664 convensus
828 2621 875 2664 et
913 2614 1092 2665 videns
1130 2610 1394 2663 mulierem
1429 2612 1851 2682 αἱμοόὀοοῦ,σαν
1910 2613 2070 2676 dimit,
2120 2610 2321 2678 confide
2348 2609 2499 2678 filia:
2567 2607 2574 2669 l

169 2706 257 2758 καὶ
304 2706 556 2775 στραφεις
605 2704 738 2778 πρὸς
784 2700 877 2768 τήν
923 2708 1178 2773 γυναῖκα,
1243 2712 1292 2756 et
1338 2722 1618 2756 cont-ersus
1667 2705 1738 2756 ad
1782 2704 2046 2756 mulierem
2096 2702 2574 2771 (Magdalenam),l

170 2799 310 2849 dimit
349 2796 575 2864 Simoni,
605 2835 616 2847 .
649 2837 659 2848 .
692 2837 702 2848 .
735 2839 745 2848 .
785 2805 1122 2850 remittuntur
1158 2803 1204 2848 ei
1243 2803 1458 2862 peccata
1505 2796 1699 2848 multa.-
1762 2814 1851 2848 και
1896 2811 2151 2865 στραφεις
2204 2792 2337 2860 πρὸς
2378 2787 2502 2855 τούς

167 2890 451 2959 μαθητάς,
506 2890 621 2943 κατ’
669 2889 812 2943 ἰδίαν
861 2887 1000 2953 εἷπε,
1054 2897 1102 2942 et
1141 2907 1418 2941 cont-ersus
1457 2889 1527 2940 ad
1562 2887 1866 2954 discipulos,
1925 2888 2019 2939 illis
2071 2903 2304 2938 seorsum
2350 2885 2500 2947 dia-it,
2566 2770 2574 2957 j

171 2981 309 3035 beati
345 2982 482 3035 oculi
527 2989 613 3048 qui
655 2983 825 3035 vident
873 3001 1006 3049 quae
1050 3000 1139 3033 ros
1187 2982 1402 3032 videtis.-
1452 2981 1540 3032 καὶ
1577 2996 1829 3052 στραφεις
1870 2981 1898 3031 ὀ
1937 2977 2114 3047 κύριος
2148 2976 2393 3047 ἐνέβλεψε
2429 2995 2501 3044 τῳ
2565 2963 2574 3044 1

168 3074 383 3143 Πέτρῳ,
446 3083 495 3127 et
537 3093 814 3127 conversus
851 3075 1107 3127 Dominus
1153 3071 1370 3125 sollicite
1416 3079 1646 3138 inspeoeit
1695 3078 1817 3135 (non
1866 3072 2024 3124 solum
2059 3068 2373 3139 ανέβλεψε,
2411 3068 2502 3120 sed
2563 3047 2574 3141 J

169 3167 442 3236 ἐνέβλεψε)
483 3165 728 3219 Petrum:
788 3171 1085 3240 στραφεῖσα
1132 3166 1299 3228 ἐκεινη
1348 3165 1436 3232 λε’)
1438 3183 1484 3216 ει
1533 3163 1703 3233 αὐτῷ·
1765 3162 2049 3234 ῥαββουνί,
2113 3179 2363 3213 conversa
2410 3158 2503 3211 illa

172 3261 371 3325 (Maria)
407 3261 528 3312 dicit
563 3266 623 3323 ei,
659 3258 897 3312 rabboni:
933 3266 982 3311 et
1017 3275 1081 3311 ne
1121 3259 1211 3311 sim
1249 3259 1444 3323 nimiuS,
1482 3256 1579 3308 hoc
1617 3256 1770 3308 altero
1803 3255 2054 3308 absolvam
2082 3254 2325 3322 exemplo,
2365 3250 2501 3313 ὶδον,

170 3352 522 3424 στρεφόμεθα
559 3355 635 3413 εἰς
666 3347 731 3406 τοὶ
769 3352 921 3416 ἔθνη,
957 3371 1074 3404 ecce
1110 3355 1456 3403 convertimur
1495 3349 1566 3400 ad
1595 3355 1798 3417 qentes.

279 3523 356 3586 ³⁸)
406 3523 622 3584 Exempla
669 3525 905 3585 praebebit
947 3524 1215 3572 Schleusner
1258 3521 1303 3567 in
1492 3519 1567 3580 ⁴²)
1603 3519 1742 3577 Syrus
1774 3518 1931 3579 vertit,
1953 3517 2218 3614 rependat,
2251 3514 2505 3572 retribuat,-

176 3612 283 3659 Lex.
320 3614 371 3659 N.
409 3613 459 3660 T.
497 3613 632 3661 ad'v.
669 3607 823 3660 πάλιν.
1386 3623 1525 3668 utitur
1559 3623 1677 3667 enim
1712 3623 1853 3670 verbo
1904 3626 2043 3687 &Ma

1491 3707 2503 3774 43)1>.ο..νι.4,1.1111.22,1.111111111.6,
2560 3690 2574 3795 i

1383 3802 1575 3849 LXXIX.
1611 3800 1687 3862 15,
1724 3801 1958 3847 LXXXIX.
1988 3799 2077 3861 15,
2112 3798 2275 3843 Jerem.
2300 3796 2399 3843 XV.
2427 3794 2503 3855 19,

1384 3891 1517 3936 Zach.
1535 3890 1569 3935 I.
1591 3891 1637 3950 3,
1673 3890 1824 3936 Matth.
1844 3890 1919 3936 IX.
1940 3889 2019 3949 22,
2056 3889 2189 3933 Marc.
2209 3886 2264 3931 V.
2285 3884 2363 3944 30,
2400 3882 2501 3928 Luc.

282 3953 357 4014 ⁴⁰)
392 3954 508 4000 ³⁰³¹·
543 3954 597 3999 ¹¹·
637 3954 712 3999 ¹4·
1382 3981 1479 4026 vn.
1506 3979 1598 4041 44,
1633 3979 1690 4024 x.
1716 3979 1806 4039 23,
1842 3977 1960 4027 xlv.
1986 3975 2075 4036 25,
2113 3973 2250 4021 xxu.
2278 3971 2367 4034 613
2400 3970 2502 4016 Joh.

283 4069 357 4132 ΔΗ)
395 4070 449 4116 11.
475 4071 597 4118 Sam.
634 4070 752 4117 XVI.
787 4071 835 4117 8.
1383 4069 1417 4114 I.
1443 4068 1531 4130 38,
1568 4068 1664 4113 XX.
1694 4067 1783 4130 163
1823 4066 1925 4112 Act.
1951 4065 2027 4112 lx.
2052 4064 2144 4125 40,
2179 4061 2296 4110 XIII.
2320 4060 2399 4106 46.

279 3746 355 3809 ³⁹)
392 3746 562 3793 Gallice
585 3760 723 3793 vero:
760 3754 806 3793 et
820 3760 951 3805 vous,
972 3748 1004 3791 ὰ
1026 3751 1158 3791 voire
1181 3751 1300 3803 tour,

177 3837 423 3893 confirmez
456 3852 521 3883 un
546 3837 662 3895 Jour
695 3851 777 3883 vos
809 3838 977 3895 freres.
