2574 4276
125 165 227 218 334

1002 163 1224 217 LIBER
1295 162 1574 220 PRIMUS

124 314 196 359 sil
242 306 494 360 catholica
542 305 761 359 ecclesia
810 320 956 372 quam
1006 305 1223 357 Christus
1272 305 1489 357 condidit
1533 310 1583 356 et
1624 322 1782 372 super
1819 305 2038 360 Petrum
2080 306 2452 375 inaedificavit,

125 416 269 467 quam
320 406 373 451 ut
421 414 593 450 eorum
639 398 887 464 particeps
934 397 995 447 sit
1039 396 1409 463 charismatum,
1460 413 1587 464 quae
1634 400 1830 450 nonnisi
1866 405 2055 452 unitati
2089 406 2143 452 iu
2186 397 2345 451 Petro
2389 417 2451 451 ac

119 510 213 557 per
249 490 470 543 Petrum
506 486 724 558 effectae
758 489 891 539 idem
926 489 1032 555 ipse
1069 490 1345 556 impertivit.

307 607 423 654 407.

498 601 726 657 Ceterum
774 616 874 652 non
923 603 1247 669 antiquissimi
1295 602 1455 654 solum
1495 601 1993 670 Patres,‘IrenaeuS,
2042 604 2365 659 Tertullianus
2406 611 2456 656 et

127 697 418 765 Cyprianus,
458 693 548 745 sed
579 693 804 760 plerique
843 708 1017 746 omnes
1056 693 1281 745 eamdem
1322 709 1350 744 e
1385 693 1529 745 Petro
1568 694 1760 746 ductam
1799 697 2043 762 originem
2082 697 2357 765 assignant,
2406 704 2457 748 ut

126 803 184 839 ea
221 786 605 851 coniunctioniS,
652 781 931 852 societatiS,
977 786 1273 852 unitatisque
1305 783 1487 854 forma
1523 770 1779 853 habeatur,
1826 788 1932 839 sine
1979 802 2075 854 qua
2110 802 2272 854 neque
2306 794 2360 840 in
2393 807 2453 839 se

125 874 268 953 esse,
315 893 479 944 neque
520 883 689 929 animo
722 878 931 945 intelligi
968 877 1187 928 ecclesia
1223 877 1476 930 catholica>
1510 885 1687 945 potest.
1758 878 1835 930 Ac
1871 879 2001 930 illam
2042 881 2297 931 enimvero
2333 881 2454 932 assi-

123 976 273 1037 gnant
306 962 542 1021 Pacianus
566 972 659 1035 ²⁵³,
695 969 991 1021 Ambrosius
1016 972 1111 1036 ²³⁴,
1152 970 1485 1037 aquileienses
1510 977 1675 1038 patres
1696 973 1790 1038 ²⁵⁵,
1818 971 2020 1038 Optatus
2045 973 2140 1036 ²⁵⁶,
2181 970 2450 1038 Gregorius
2482 970 2492 978 ”

120 1063 452 1115 nazianzenus
486 1065 580 1127 ²⁵⁷,
643 1062 971 1131 Hieronymus
1003 1065 1097 1128 ²⁵⁸,
1162 1061 1468 1129 Augustinus
1502 1065 1595 1130 ²⁵⁹,
1661 1063 1884 1115 Gelasius
1916 1064 2010 1129 ²⁶⁰,
2075 1063 2333 1126 Hormisda
2354 1064 2448 1127 ²⁶¹,

122 1153 438 1222 Agatho'²⁶²,
486 1154 724 1206 Maximus
779 1156 1079 1223 martyr²⁶³,
1135 1161 1183 1205 et
1227 1171 1289 1205 ne
1335 1154 1501 1221 plures
1537 1156 1851 1207 recensendo
1891 1170 2298 1221 commemorem,
2347 1153 2448 1205 Leo

122 1248 446 1313 magnus²⁶⁴,
507 1249 589 1313 qui
639 1246 701 1297 de
750 1248 932 1299 unitate
989 1248 1240 1299 disserens
1295 1247 1521 1299 catholici
1576 1249 1885 1315 episcopatus
1937 1247 2062 1298 haec
2112 1246 2259 1298 habet
2304 1246 2449 1312 plane

228 1448 330 1509 ²⁵³)
370 1447 441 1493 Ad
478 1449 716 1508 Sympron.
754 1449 886 1508 epist.
912 1448 984 1494 III.
1023 1448 1068 1508 §.
1093 1449 1168 1493 XI.

228 1559 331 1620 ²⁵⁴)
379 1559 463 1615 Qui
508 1560 563 1605 de
599 1561 770 1605 Poenit.
818 1560 894 1606 lib.
931 1560 963 1605 1.
1011 1574 1110 1619 cap.
1147 1559 1244 1606 Vll.

122 1663 163 1694 n.
206 1649 285 1694 33.
322 1648 501 1693 scribit:
537 1649 700 1710 „Quod
735 1649 915 1707 quidem
951 1654 1072 1694 recte
1107 1649 1162 1694 de
1196 1663 1245 1694 se

121 1738 339 1799 fatentur,
388 1751 478 1783 non
525 1738 691 1784 habent
725 1739 842 1783 enim
877 1738 992 1783 Petri
1025 1738 1247 1783 heredita-

120 1823 235 1889 tem,
283 1828 361 1888 qui
396 1826 520 1873 Petri
547 1828 688 1885 fidem
723 1826 935 1887 (maurini
969 1827 1086 1872 hanc
1119 1841 1247 1886 prae-

122 1918 266 1962 ferunt
290 1917 546 1978 lectionem,
582 1917 707 1963 Petri
729 1915 907 1978 sedem)
942 1930 1037 1963 non
1063 1915 1246 1975 habent,

124 2020 256 2065 quam
293 2007 431 2066 Impia
469 2007 690 2052 divisione
725 2002 1006 2065 discerpunt}
1043 2007 1123 2051 sed
1158 2006 1247 2050 hoc

121 2095 350 2155 improbe,
406 2095 525 2153 quod
572 2096 707 2140 etiam
756 2096 799 2140 in
846 2096 1037 2141 ecclesia
1086 2095 1242 2140 donari

119 2189 305 2244 peccata
352 2189 518 2245 negant
563 2197 726 2245 posse,
774 2198 873 2230 cum
910 2186 1039 2230 Petro
1077 2185 1241 2230 dictum

120 2275 200 2333 sit,
237 2273 319 2320 tibi
354 2273 472 2319 dabo
509 2273 713 2319 claves.“

226 2385 330 2446 ²⁵⁵)
366 2385 414 2430 111
450 2384 669 2443 synodica
714 2384 902 2445 epistola
953 2384 1055 2429 data
1092 2385 1243 2444 impe-

119 2474 352 2521 ratoribus
407 2475 799 2533 clementissimis,
860 2481 903 2520 et
952 2473 1244 2534 principibus

121 2566 388 2611 christianis
404 2601 418 2624 ,
471 2565 817 2626 yloriosissimis
868 2578 926 2610 ac
975 2563 1245 2610 beatissimis

122 2657 361 2715 Gratiano,
407 2654 734 2701 Valentiniano
760 2661 804 2701 et
832 2654 1097 2712 Theodosio,
1132 2667 1244 2712 quae

120 2751 190 2791 est
224 2747 339 2791 inter
374 2744 727 2806 AmbrosianaS,
772 2744 913 2789 Class.
940 2744 973 2789 1.
1010 2744 1140 2804 epist.
1167 2743 1241 2788 XI.

120 2849 163 2879 11.
199 2834 245 2879 4.

227 2943 329 3004 ²⁵⁶)
387 2943 453 2991 De
501 2943 741 2990 Schismat.
794 2943 1018 2988 Donatist.
1077 2943 1153 2988 lib.
1191 2942 1243 2987 11.

124 3047 221 3093 cap.
247 3032 301 3078 ll.
339 3037 384 3078 et
416 3031 494 3077 lib.
520 3032 616 3078 Vll.
655 3045 751 3091 cap.
775 3031 848 3075 111.

228 3151 332 3211 ²⁵⁷)
367 3150 434 3196 De
468 3150 561 3195 vita
597 3162 692 3210 sua,
731 3148 843 3208 Opp.
881 3148 930 3195 T.
961 3149 1013 3194 11.
1049 3164 1152 3209 pag.
1176 3150 1221 3195 9.

230 3269 334 3330 ²³⁵)
370 3268 487 3314 Adv.
523 3267 673 3313 Jovin.
708 3265 786 3310 lib.
812 3265 844 3310 1.
880 3280 923 3310 n.
954 3265 1029 3311 14.

228 3386 332 3448 ²⁵⁹)
367 3385 414 3431 In
449 3385 521 3430 Ps.
559 3394 658 3427 con.
694 3382 867 3427 Partem
902 3382 1095 3443 Donati,
1143 3396 1244 3429 con.

125 3477 255 3535 epist.
281 3476 492 3521 Fundam.
528 3487 625 3532 cap.
652 3472 728 3531 IV,
765 3471 822 3517 de
856 3472 988 3517 utilit.
1020 3473 1243 3534 credendi,

126 3579 223 3624 cap.
248 3565 393 3626 XVII,
431 3569 478 3610 et
513 3563 644 3623 epist.
668 3561 819 3608 XLIII.
857 3561 912 3606 al.
939 3560 1104 3606 CLXII.

230 3680 334 3741 260)
368 3680 511 3741 Epist.
538 3680 658 3742 XIV,
695 3682 739 3726 in
775 3692 860 3738 qua
896 3677 1097 3722 recitatis
1121 3677 1245 3723 Chri-

124 3769 184 3815 sti
226 3769 405 3830 verbis,
463 3770 614 3816 Matth.
651 3767 769 3814 XVI.
810 3766 897 3829 18,
956 3765 1059 3811 Luc.
1105 3766 1242 3812 XXII.

125 3855 363 3918 31—32,
408 3857 509 3903 Joh.
544 3858 662 3905 XXI.
702 3856 779 3903 15.
815 3855 992 3902 subdit:

125 3946 265 4004 igitur
316 3946 371 3991 ad
424 3945 597 3991 Petrum
656 3952 746 3992 tam
804 3945 1011 4005 frequens
1062 3942 1241 3989 Domini

1064 3854 1244 3916 „Quare

123 4046 272 4081 sermo
341 4027 590 4093 dirigitur?
658 4035 868 4094 numquid
925 4047 1025 4080 nam
1084 4032 1240 4091 reliqui

1331 1450 1473 1494 sancti
1518 1454 1563 1494 et
1607 1449 1727 1494 beati
1778 1450 1973 1510 apostoli
2017 1463 2106 1495 non
2153 1454 2278 1494 erant
2318 1449 2449 1494 simili

1316 1535 1492 1582 ‘virtute
1522 1530 1796 1584 succincti?
1851 1540 1949 1597 quis
1995 1539 2083 1584 hoc
2131 1539 2291 1584 audeat
2336 1537 2453 1582 affir-

1333 1617 1488 1672 mare?
1532 1627 1611 1672 sed
1645 1634 1696 1673 ut
1730 1629 1885 1687 capite
1919 1630 2162 1674 constituto
2197 1628 2452 1673 schismmis

1331 1716 1571 1762 tolleretur
1618 1718 1833 1776 occasio,
1886 1724 1930 1763 et
1969 1733 2067 1763 una
2120 1723 2454 1764 monstraretur

1333 1820 1555 1868 compaqo
1592 1809 1802 1868 corporis
1838 1806 2021 1865 Christi,
2061 1821 2181 1867 quae
2216 1807 2281 1852 ad
2311 1820 2452 1852 unum

1332 1903 1473 1956 caput
1491 1897 1828 1957 qloriosissima
1853 1897 2118 1942 dilectionis
2149 1894 2285 1955 (quae
2310 1896 2454 1945 schis-

1332 1986 1437 2030 mati
1475 1986 1737 2047 opponitur)
1773 1979 1998 2032 societate
2032 1991 2360 2044 concurreret,
2409 1991 2452 2030 et

1329 2089 1426 2120 una
1470 2082 1586 2121 esset
1630 2076 1855 2137 ecclesia,
1904 2078 1982 2121 cui
2024 2076 2227 2133 fideliter
2279 2075 2449 2120 crede—

1320 2165 1506 2226 ,returf‘
1588 2165 1701 2209 Hinc
1746 2167 1876 2225 epist.
1912 2165 2007 2210 Xll.
2057 2165 2175 2210 Petri
2208 2164 2447 2225 yuberna-

1328 2256 1501 2300 tionem
1536 2254 1670 2299 docet
1704 2267 1804 2300 esse
1835 2255 2164 2313 principalem,
2199 2256 2449 2299 universo-

1329 2359 1416 2404 que
1465 2346 1599 2406 qreyi
1649 2346 1700 2389 in
1757 2343 1865 2390 orbe
1921 2351 2151 2390 terrarum
2217 2343 2449 2400 debitam,-

1328 2433 1451 2478 Felix
1497 2446 1607 2479 vero
1654 2435 1783 2493 epist.
1822 2434 1935 2479 Xlll.
1985 2435 2041 2479 ad
2081 2433 2298 2479 Flavitam
2346 2445 2452 2478 con—

1330 2523 1773 2582 stantinopolitanum
1799 2524 2001 2586 affirmat,
2029 2525 2289 2569 auctoritate
2313 2522 2446 2582 Petri,

1329 2614 1401 2671 qui
1435 2627 1633 2658 summus
1669 2619 1737 2659 est
1771 2613 2107 2673 apostolorum,
2146 2618 2285 2672 petra
2314 2612 2445 2670 fidei,

1329 2703 1631 2763 caelestisque
1667 2703 1958 2769 dispensator
1991 2702 2212 2763 mysterii,
2248 2702 2447 2746 omnium

1326 2792 1528 2838 solidari
1563 2793 1834 2852 diynitatem
1867 2791 2173 2851 sacerdotum.

1433 2925 1536 2986 2⁰¹)
1584 2925 1631 2970 ln
1666 2925 1820 2970 libello
1857 2926 1912 2970 ad
1948 2924 2164 2970 ecclesias
2208 2922 2448 2968 orientales

1236 3037 1245 3046 -
1331 3015 1495 3075 misso,
1546 3020 1589 3060 et
1624 3015 1679 3060 ab
1716 3014 1969 3061 earumdem
2015 3011 2294 3072 praesulibus
2341 3012 2447 3057 sub-

1329 3105 1525 3162 signato.

1435 3236 1538 3298 262)
1587 3237 1633 3281 111
1671 3236 1801 3295 epist.
1846 3235 1946 3280 data
1984 3235 2038 3279 ad
2074 3239 2225 3293 patres
2272 3234 2449 3279 concilii

1331 3327 1605 3372 oecumenici
1641 3325 1727 3386 vl,
1763 3325 1808 3369 111
1843 3328 1995 3381 quarta
2034 3324 2231 3368 eiusdem
2269 3324 2446 3368 actione

1330 3416 1540 3474 recitata,
1577 3419 1623 3458 et
1656 3412 1851 3457 omnium
1887 3414 2179 3458 consensione
2214 3417 2411 3472 recepta.

1435 3546 1539 3607 263)
1573 3546 1621 3590 111
1645 3545 1853 3590 Β111110111.
1882 3545 1960 3589 ΡΡ.
1988 3545 2112 3590 Tom.
2135 3545 2209 3590 XI.
2235 3559 2340 3605 pag.
2366 3545 2443 3605 76,

1330 3636 1385 3681 de
1429 3648 1516 3693 quo
1564 3634 1822 3679 testimonio
1871 3633 2139 3679 consulenda
2184 3638 2286 3678 sunt
2332 3647 2443 3691 quae

1328 3724 1464 3769 habet
1508 3722 1739 3768 Marchetti
1784 3722 1828 3767 in
1877 3721 2028 3767 Critic.
2075 3722 2258 3781 Fleury,
2319 3721 2366 3765 T.
2411 3719 2444 3765 1.

1328 3826 1425 3872 cap.
1458 3811 1512 3857 11.

1433 3942 1536 4004 ²⁶⁴)
1589 3941 1735 4001 Epist.
1771 3941 1826 3987 X.
1875 3942 1931 3987 al.
1967 3941 2201 3987 LXXXIX.
2249 3941 2305 3987 ad
2352 3941 2446 4000 epi-

1327 4045 1493 4094 scopos
1528 4031 1705 4090 provin.
1742 4031 2022 4090 viennensis,
2062 4043 2158 4090 cap.
2195 4030 2227 4075 l.
