2574 4276
1011 153 1249 207 CAPUT
1317 153 1409 203 Ill.
1763 192 1774 206 .
2287 154 2350 201 13

263 300 340 347 17.
402 295 557 357 Quum
592 295 751 362 itaque
795 296 846 359 in
887 295 1003 361 ipsis
1040 295 1183 345 etiam
1221 292 1535 344 conciliorum
1569 290 1756 342 iudiciis
1795 295 1939 356 atque
1974 291 2222 341 sententiis
2261 290 2352 341 alia

84 389 143 439 sit
179 385 463 438 definitionis
498 387 648 452 ratic,
687 393 735 436 et
770 386 860 437 alia
898 400 1095 452 eorum,
1152 400 1275 451 quae
1309 381 1663 447 antecedendO,
1713 381 2009 446 comitandO,
2062 379 2143 430 vel
2182 379 2352 431 subse-

86 477 276 544 quendo
317 476 642 528 definitionem
679 476 1031 543 communiunt,
1069 477 1282 527 sinemus
1318 491 1381 526 ne
1415 481 1468 524 ut
1500 473 1626 524 haec
1663 472 1898 523 distinctio
1921 511 1935 538 ,
1987 486 2132 537 quum
2169 471 2230 522 de
2268 471 2354 522 do-

85 570 235 620 ctrina
260 568 544 619 Traditionis
570 569 741 634 agitur,
778 567 1048 619 inconsulto
1085 583 1142 618 ac
1177 574 1362 618 temere
1397 561 1712 631 negligatur?
1749 564 1961 615 sinemus
1995 578 2058 613 ne
2092 568 2144 612 ut
2179 562 2353 612 eodem

80 657 348 709 habeantur
377 669 607 723 numero,
651 657 763 707 hinc
795 658 923 724 quod
958 659 1170 708 unanimi
1206 656 1479 707 Traditione
1517 656 1776 722 asseritur,
1826 655 1937 706 inde
1972 669 2091 705 vero
2129 653 2258 719 quod
2294 652 2354 703 ad

85 749 433 800 conciliandam
467 750 679 800 unanimi
714 750 981 800 sententiae
1016 747 1161 799 fidem
1196 743 1490 797 adhibetur?
1527 752 1670 812 atque
1695 743 1818 797 adeo
1844 747 2074 810 sinemuS,
2111 750 2163 794 ut
2181 743 2353 794 eadem

84 841 352 892 sententiae
389 855 446 891 ac
480 839 814 906 probationum
856 818 1156 889 existimetur
1195 837 1481 902 auctoritaS,
1529 838 1593 887 ita
1625 843 1677 886 ut
1715 839 1757 887 si
1790 837 1961 888 harum
1998 835 2122 886 forte
2157 835 2231 885 vis
2268 834 2353 886 de-

83 931 280 997 fecerit,
326 930 451 981 illius
496 943 688 995 quoque
726 917 875 978 robur
911 943 969 978 ac
1005 926 1201 977 firmitas
1239 924 1435 978 iaceat?
1482 932 1794 994 praepostera
1839 927 1963 976 haec
2016 925 2141 976 foret
2189 941 2354 976 rerum

84 1022 353 1072 dissitarum
388 1001 730 1085 perturbatio,
757 1033 855 1069 non
890 1018 1046 1068 minus
1081 1018 1186 1068 viro
1221 1018 1453 1084 theologo
1490 1018 1711 1084 indigna,
1756 1012 1898 1082 quam
1941 1018 2141 1083 periculi
2174 1017 2353 1085 plenis-

58 1107 216 1164 sima.
289 1110 617 1163 subvertimus
655 1123 777 1176 ergo
814 1123 1148 1175 quaecumque
1186 1103 1345 1160 omnia
1379 1123 1439 1160 eo
1466 1108 1667 1161 consilio
1705 1106 2060 1173 disputavimus,
2098 1115 2150 1159 ut
2170 1110 2353 1160 intesti-

83 1218 197 1252 num
239 1201 480 1252 vinculum
531 1200 922 1267 ostenderemUS,
971 1215 1065 1267 quo
1113 1216 1220 1251 cum
1269 1200 1556 1261 Traditionis
1609 1199 1847 1251 sententia
1894 1197 1955 1248 de
2002 1201 2353 1265 praerogativis

83 1293 224 1360 Petri,
265 1293 464 1359 eiusque
501 1307 724 1358 suprema
761 1292 1056 1358 auctoritate,
1096 1298 1227 1342 certa
1263 1291 1498 1358 quaedam
1533 1289 1790 1348 bibliorum
1827 1289 2063 1364 expositio
2090 1289 2350 1341 cohaeret:

83 1390 182 1434 tum
220 1399 342 1450 quae
379 1399 437 1434 ea
472 1390 634 1435 mente
667 1383 1022 1450 praestituimus
1060 1388 1112 1433 ut
1149 1382 1465 1448 doceremuS,
1505 1396 1627 1448 quae
1657 1379 1897 1447 ‘suffragio
1930 1379 2217 1431 Traditionis
2253 1388 2355 1432 rata

83 1490 193 1527 esse
230 1475 464 1541 videntur,
503 1475 673 1526 eadem
710 1474 851 1525 dubia
885 1466 942 1525 ac
978 1475 1120 1524 etiam
1156 1473 1275 1526 falsa
1298 1474 1422 1524 -duci
1457 1478 1710 1540 oportere,
1748 1473 1790 1523 si
1826 1471 1974 1522 fallax
2008 1471 2150 1523 fuerit
2183 1471 2354 1522 biblio-

82 1582 190 1618 rum
225 1568 567 1634 interpretatiO,
605 1582 632 1617 e
670 1581 763 1633 qua
800 1566 1132 1633 colligebatur.

263 1663 339 1708 18.
393 1656 729 1708 Difficultatem
766 1658 981 1724 exposui,
1019 1673 1112 1708 nec
1151 1671 1320 1707 eorum
1354 1654 1612 1722 quidquam
1645 1655 1817 1706 tacitus
1852 1655 2095 1722 praeterii,
2135 1670 2258 1722 quae
2295 1656 2355 1707 ad

85 1750 213 1800 illam
260 1748 661 1816 amplificandam,
715 1748 1134 1814 roborandamque
1179 1747 1519 1798 conducerent.
1593 1745 1691 1800 Sed
1725 1762 1788 1796 ne
1823 1731 2160 1814 commovear,
2213 1754 2260 1798 et
2295 1747 2353 1798 ab

86 1856 159 1906 ea,
199 1856 340 1907 quam
377 1841 657 1908 complexus
693 1856 826 1907 sum,
875 1841 1112 1891 sententia
1150 1838 1420 1905 discedam,
1468 1853 1555 1889 sua
1592 1837 1770 1888 faciunt
1806 1839 2086 1889 auctoritate
2122 1839 2353 1907 theologi,

83 1931 212 1997 iique
247 1946 346 1982 non
379 1932 549 1998 pauci,
594 1930 683 1982 sed
716 1930 933 1997 plerique
971 1946 1168 1992 omnes,
1216 1945 1376 1995 neque
1414 1929 1652 1979 minorum
1691 1929 1933 1980 dumtaxat
1968 1931 2215 1997 gentium,
2266 1932 2355 1982 sed

84 2023 324 2090 principes
360 2038 551 2091 quoque
588 2037 645 2073 ac
681 2021 976 2074 nobilissimi.
1047 2021 1202 2073 Nemo
1256 2023 1384 2076 enim
1433 2035 1602 2071 eorum
1651 2027 1757 2087 est,
1816 2021 1896 2086 qui
1932 2021 1981 2070 in
2015 2022 2255 2073 versanda
2294 2022 2354 2073 de

83 2113 301 2179 primam,
338 2115 728 2180 ornamentisque
763 2113 889 2164 Petri
926 2115 1271 2179 controversia,
1308 2127 1408 2163 non
1444 2126 1615 2162 omnes
1651 2110 1910 2162 intenderit
1943 2112 2089 2178 vires,
2126 2120 2177 2163 ut
2211 2113 2290 2164 illa
2327 2130 2354 2164 6

86 2202 338 2271 Scripturis
377 2211 585 2273 erueret,
623 2212 671 2256 et
707 2204 1057 2271 Scripturarum
1094 2205 1374 2256 auctoritate
1411 2204 1626 2270 inprimis
1663 2202 1908 2254 stabiliret.
1968 2202 2103 2254 Hanc
2135 2204 2353 2270 profecto

86 2295 238 2346 iniere
273 2297 400 2346 viam
437 2297 688 2348 Caietanus
724 2298 773 2347 in
808 2296 1216 2364 disputationibus,
1257 2309 1375 2361 quas
1418 2293 1478 2344 de
1511 2293 1557 2343 h.
1594 2293 1762 2361 Petro,
1791 2279 2118 2361 'romanisque
2155 2312 2354 2362 praesu-

86 2384 208 2437 libus
244 2386 415 2453 edidit,
465 2387 620 2439 Canus
657 2389 705 2438 in
741 2394 879 2439 sexto
917 2388 977 2438 de
1012 2387 1184 2454 Locis,
1237 2386 1507 2453 Gregorius
1544 2385 1606 2436 de
1641 2385 1869 2436 Valentia.
1896 2387 1945 2436 in
1983 2389 2353 2455 commentariiS,

89 2491 182 2542 qua
216 2483 400 2543 partem
437 2478 696 2529 secundam
739 2479 982 2530 secundae
1017 2480 1163 2546 partis
1201 2478 1427 2532 Summae
1463 2477 1794 2544 Theologicae
1831 2478 2096 2546 exornavit,
2134 2479 2355 2530 Francis-

88 2582 174 2619 cus
217 2567 412 2621 Suarius
458 2570 508 2620 in
552 2571 758 2636 egregio
806 2582 955 2636 opere
1004 2570 1300 2623 defensionis
1348 2586 1436 2638 pro
1482 2569 1578 2634 fide
1626 2569 1860 2621 catholica
1878 2610 1891 2637 ,
1939 2569 2257 2622 Bellarminus
2309 2576 2356 2620 et

89 2748 316 2810 definiunt,
375 2749 504 2794 alicui
557 2749 689 2795 effato
738 2755 900 2797 certam
947 2752 1179 2811 quamdam

88 2837 364 2894 significandi
397 2842 659 2896 potestatem
694 2840 865 2902 inesse,
905 2853 1055 2885 verum
1090 2846 1179 2885 tum

91 2926 222 2970 etiam
255 2925 433 2986 oblique
465 2932 725 2987 proponunt,
763 2941 889 2986 quum
925 2933 1177 2987 argumenta

90 3027 146 3057 ex
179 3013 330 3060 eodem
366 3015 494 3060 ducto
530 3015 575 3060 id
610 3015 878 3077 confirmant,
914 3017 1031 3075 quod
1064 3016 1177 3061 forte

88 3101 133 3145 in
167 3105 507 3149 controversiam
527 3094 732 3150 venerit?
766 3104 851 3149 hoc
874 3118 1012 3163 neque
1032 3105 1176 3164 docet,

87 3202 225 3248 neque
277 3191 372 3236 fieri
431 3197 606 3252 poterat
670 3197 716 3238 ut
767 3192 960 3238 doceret.
1045 3192 1176 3250 Nam,

91 3289 201 3334 quae
241 3284 307 3324 est
346 3280 398 3324 61.
441 3280 608 3327 Patritii
658 3280 744 3341 (De
789 3283 1010 3340 interpret.
1045 3281 1176 3326 litter.

89 3376 202 3408 sacr.
255 3365 330 3410 lib.
381 3366 415 3412 Ι.
473 3382 568 3429 cap.
604 3370 659 3416 V.
717 3385 759 3415 n.
806 3369 939 3430 103.)
985 3369 1179 3414 animad-

89 3452 252 3512 versio,
289 3456 457 3512 quoties
493 3458 713 3520 Concilia,
749 3458 994 3517 Pontifices,
1030 3457 1178 3501 Patres

88 3540 285 3600 „dogma
337 3542 511 3602 aliquod
563 3546 713 3591 verbis
768 3538 1046 3597 αὐθεντικῶς
1090 3550 1179 3590 tra-

89 3628 213 3689 dunt,
256 3642 357 3675 non*
387 3631 490 3678 illud
528 3634 662 3679 veluti
705 3635 808 3694 quid
852 3647 1012 3679 novum
1056 3632 1178 3677 effin-

87 3722 216 3777 gunt,
263 3718 341 3763 sed
374 3718 444 3763 vel
474 3733 530 3766 ex
555 3724 781 3782 scripturis
808 3722 944 3768 sacris
969 3721 1179 3778 colligunt

87 3804 157 3849 vel
192 3818 247 3850 ex
283 3805 482 3851 doctrina
517 3821 542 3854 a
576 3811 816 3856 maioribus
856 3810 1032 3869 tradita,
1070 3821 1177 3867 quo-

87 3905 181 3937 rum
224 3894 344 3952 prius
388 3899 436 3939 ut
478 3895 585 3940 citra
629 3911 821 3945 errorem
867 3900 1053 3958 faciant,
1100 3910 1177 3941 ne·-

87 3992 211 4025 cesse
253 3987 341 4042 est,
387 3987 433 4027 ut
475 3982 708 4032 verborum
758 4000 912 4033 sensus
956 3991 1076 4031 certo
1122 3985 1176 4029 ab

88 4066 144 4115 iis
176 4072 397 4131 teneatur,
439 4070 647 4135 ideoque,
693 4088 822 4134 quum
870 4075 1034 4133 dogma
1070 4087 1095 4118 a
1129 4086 1179 4119 se

1261 2753 1534 2811 propositum
1595 2747 1779 2812 prolatis
1840 2766 2066 2798 sacrorum
2133 2755 2354 2796 auctorum

1261 2840 1524 2885 testimoniis
1570 2841 1641 2886 vel
1685 2842 1965 2903 confirmant,
2000 2841 2072 2886 vel
2107 2839 2354 2885 confirmari

1259 2940 1394 2987 posse
1436 2930 1747 2992 pronuntiant,
1793 2930 2060 2980 tantumdem
2109 2933 2354 2989 praestant,

1261 3029 1313 3060 ac
1355 3017 1393 3060 si
1429 3031 1636 3076 expresse
1669 3019 1824 3064 horum
1864 3019 2214 3064 testimoniorum
2255 3030 2354 3062 sen-

1260 3117 1354 3149 sum
1399 3104 1672 3152 definirent.“
1751 3106 1886 3166 Atqui
1930 3108 1974 3152 in
2019 3107 2102 3151 hac
2136 3119 2263 3165 quam
2299 3105 2353 3150 de

1259 3195 1580 3252 praerogativis
1623 3195 1741 3239 Petri
1786 3196 2006 3253 agitamus
2040 3194 2356 3254 controversia,

1259 3281 1408 3327 Patres
1442 3296 1541 3328 uno.
1563 3296 1664 3344 ore,
1720 3283 2015 3342 concordique
2049 3283 2264 3328 sententia
2301 3281 2356 3326 ad

1249 3382 1336 3430 ⁴eas
1370 3364 1567 3431 tuendas,
1603 3371 2009 3430 confirmandasque
2043 3371 2173 3415 certis
2197 3369 2357 3414 biblio-

1260 3470 1353 3502 rum
1395 3459 1659 3504 testimoniis
1701 3465 1888 3505 utuntur.
1973 3459 2207 3507 Declarant
2247 3470 2356 3515 ergo

1260 3547 1622 3604 significationem
1659 3548 1714 3593 iis
1750 3548 1947 3609 subesse,
1983 3560 2067 3606 qua
2096 3546 2210 3591 Petri
2231 3559 2357 3605 prae-

1259 3635 1490 3692 rogativae
1547 3636 1897 3695 comprobentur.
2005 3634 2095 3680 Sed
2151 3639 2356 3679 constans

1260 3729 1388 3783 atque
1421 3724 1680 3770 universalis
1716 3724 1771 3769 de
1805 3724 2165 3782 interpretatione
2195 3722 2357 3767 biblio-

1258 3824 1352 3856 rum
1388 3825 1412 3856 a
1433 3812 1632 3862 Patribus
1667 3812 1787 3857 edita
1822 3810 2063 3856 declaratio
2098 3810 2232 3856 fallax
2258 3823 2358 3855 esse

1258 3911 1347 3943 non
1404 3903 1565 3958 potest.
1660 3899 1867 3945 Probatio
1919 3913 2028 3957 ergo
2083 3898 2357 3959 praerogati-

1258 3999 1409 4031 varum
1430 3986 1544 4031 Petri
1568 4000 1592 4031 e
1614 3987 1764 4033 bibliis
1789 3988 2017 4047 desumpta
2043 3987 2356 4046 declaratione,

1258 4073 1516 4134 Patrumque
1549 4075 1761 4135 suffragio
1796 4075 2046 4122 firmissime
2080 4074 2311 4121 stabilitur.
