2574 4276
1059 155 1301 213 CAPUT
1369 156 1436 206 ΙΙ.
2278 212 2280 214 ,
2308 158 2411 208 375

98 299 480 371 principiumque
505 298 768 350 videretur.
843 298 1145 365 Quamquam
1170 312 1291 350 vero
1317 297 1443 349 haec
1471 295 1597 348 adeo
1630 295 1691 347 sit
1725 295 1996 363 perspicua,
2033 299 2085 345 ut
2107 294 2140 345 ii
2165 296 2340 346 merito
2359 297 2405 322 ⁶⁶

102 387 506 456 άνοιπολόγητοι·
525 389 816 451 iudicentur,
853 391 935 455 qui
971 405 1117 456 quum
1152 390 1480 441 intellexerint
1515 387 1572 439 τὸ
1610 385 1847 453 γνωστὸν
1881 386 1974 436 τοῦ
2007 384 2171 448 θεοῦ,
2218 379 2283 437 τοὶ
2320 384 2410 437 026-

101 499 235 548 paroc
270 479 449 546 αὐτοῦ,
488 481 639 546 idest,
687 479 863 530 οιΐδιον
909 477 1076 530 αὐτοῦ
1121 477 1344 545 δύναμιν
1380 480 1469 530 καὶ
1504 478 1778 541 θειότητα,
1825 479 1983 544 ipsum
2028 483 2193 527 tamen
2234 475 2408 542 Deum,

96 589 195 625 non
230 574 300 623 uti
334 587 422 638 par
459 578 575 636 erat,
614 570 972 638 glorificarunt,
1009 570 1323 623 nihilominus
1358 587 1522 638 neque
1561 571 1785 622 omnibus
1823 575 1961 620 vacat
1996 568 2205 635 umbriS,
2243 584 2408 636 neque

98 665 161 715 ita
182 663 314 714 lucet
338 665 382 689 ⁶⁷
423 668 476 713 ut
499 661 618 712 nihil
642 662 734 711 nisi
757 662 979 727 pervium
1012 661 1418 729 splendidumque
1449 662 1763 729 praeseferat.
1835 660 2056 711 Decebat
2079 661 2126 687 ⁶⁸
2167 659 2409 712 Christum

96 755 224 805 inter
257 753 707 818 revelationemque
743 751 1051 803 christianam
1089 752 1235 804 talem
1287 755 1501 804 existere
1541 757 1744 816 σχέσιν,
1799 758 1850 802 ut
1886 751 2295 818 quemadmodum
2331 768 2410 804 as·-

98 851 287 911 sumpta
322 844 454 895 servi
490 843 646 894 forma
684 844 977 895 assumentis
1013 843 1163 894 Verbi
1199 843 1406 894 formam
1438 843 1643 909 velavit,
1681 843 2119 909 incredibilemque
2150 843 2408 896 divinitatis

99 935 413 1002 splendorem
448 935 732 1001 intercepit,
783 935 847 985 ita
882 934 1136 1000 inspersae
1173 934 1376 985 umbrae
1427 934 1833 1000 fulgentissimam
1879 933 2193 986 revelationis
2247 934 2409 987 lucem

99 1031 442 1093 temperarent.
501 1023 721 1076 Decebat
739 1025 931 1076 nonnisi
953 1039 1044 1090 per
1065 1023 1246 1090 gradus
1270 1027 1316 1052 ⁰⁹
1345 1025 1406 1077 ad
1426 1025 1697 1076 divinorum
1721 1027 1931 1092 γνῶσιν,
1955 1027 2105 1076 immo
2130 1027 2410 1093 ἐπίγνωσιν

99 1172 326 1241 ποιήμασι
353 1192 443 1239 per
466 1184 728 1236 creaturas,
762 1177 897 1223 veluti
921 1191 1002 1237 per
1024 1178 1212 1224 totidem

99 1267 322 1328 vestigia,
358 1258 418 1312 τοὶ
453 1258 638 1328 ἀόρατα
671 1260 794 1311 θεοῦ
827 1266 1143 1324 intelliguntur.

202 1353 277 1417 ⁶⁶)
312 1355 438 1400 Rom.
474 1353 507 1399 1.
543 1353 622 1399 20.

201 1442 275 1504 67)
312 1441 436 1488 Scite
470 1441 760 1487 Tertullianus
787 1441 1078 1501 Apologetici
1114 1455 1210 1501 cap.

100 1532 247 1579 XVII:
284 1530 446 1593 „Quod
481 1530 667 1575 colimus
702 1542 801 1590 noS,
835 1529 955 1576 Deus
986 1544 1096 1575 unus
1127 1535 1211 1590 est,

100 1622 173 1681 qui
208 1626 358 1666 totam·
385 1618 545 1664 molem
579 1619 712 1664 istam
753 1631 850 1663 cum
894 1618 1016 1663 omni
1053 1619 1213 1683 instru-

48 1695 50 1697 ¹
99 1714 246 1755 mento
282 1708 624 1767 elementorum,
663 1718 926 1768 corporum,
964 1708 1210 1768 spirituum,

99 1798 240 1843 verbo
283 1809 369 1856 quo
412 1795 568 1857 iussit,
615 1796 790 1842 ratione
834 1810 917 1855 qua
963 1797 1211 1856 disposuit,

103 1888 266 1933 virtute
301 1899 386 1945 qua
419 1885 590 1945 potuit,
637 1884 693 1930 de
727 1884 864 1930 nihilo
913 1886 1135 1945 expressit
1168 1886 1213 1931 in

101 1979 404 2021 ornamentum
430 1974 676 2019 maiestatis
702 1986 833 2018 suae:
864 1973 979 2018 unde
999 1978 1044 2019 et
1061 1974 1213 2032 graeci

99 2077 261 2110 nomen
288 2063 450 2109 mundo
485 2055 660 2123 κόσμον
695 2061 1097 2107 accommodarunt.
1144 2062 1214 2106 In-

98 2153 295 2198 visibilis
332 2156 426 2211 est,
474 2151 559 2196 etsi
593 2150 825 2196 videatur:
877 2151 1215 2210 incomprehen-

101 2241 273 2297 sibilis,
334 2239 421 2284 etsi
465 2252 546 2298 per
590 2240 780 2297 gratiam
832 2244 1213 2299 repraesentetur:

104 2327 474 2386 inaestimabiliS,
521 2327 608 2372 etsi
642 2326 843 2372 humanis
888 2328 1092 2373 sensibus
1140 2333 1215 2373 a'e-

102 2418 322 2475 stimetur,
366 2415 480 2459 adeo
514 2427 645 2460 verus
681 2420 725 2460 et
759 2420 907 2460 tantus
943 2422 1026 2461 est.
1085 2416 1214 2461 Cete-

103 2520 197 2550 rum
233 2504 351 2563 quod
385 2502 529 2548 videri
572 2504 888 2563 communiter,
937 2505 1055 2563 quod
1089 2518 1212 2550 com-

100 2593 328 2654 prehendi,
365 2590 485 2650 quod
519 2592 746 2637 aestimari
778 2597 942 2654 potest,
979 2594 1121 2638 minus
1146 2599 1214 2639 est

100 2688 146 2727 et
196 2681 336 2726 oculis
391 2661 547 2738 quibus
600 2685 866 2739 occupatur,
920 2686 965 2726 et
1013 2683 1212 2728 manibus

101 2770 260 2830 quibus
295 2762 609 2829 contrectatur,
647 2773 692 2813 et
726 2767 929 2816 sensibus
964 2769 1122 2828 quibus
1146 2771 1213 2815 in,

103 2859 289 2904 venitur.
360 2837 490 2913 Quod
534 2868 643 2901 vero
692 2857 949 2902 immensum
984 2864 1078 2917 est,
1126 2859 1211 2905 soli

100 2947 188 2992 sibi
223 2951 374 2992 notum
412 2949 494 2991 est.
561 2944 657 2989 Hoc
691 2944 811 3002 quod
846 2951 928 3006 est,
962 2946 1100 2996 Deum
1138 2961 1212 2992 ae-

101 3035 272 3079 stimari
318 3033 452 3092 facit,
511 3033 614 3078 dum
668 3033 896 3077 aestimari
941 3047 1031 3080 non
1077 3037 1210 3095 capit.

102 3123 166 3169 Ita
201 3136 300 3168 eum
334 3122 404 3167 vis
440 3120 757 3179 magnitudinis
793 3126 839 3166 et
872 3127 1024 3167 notum
1070 3123 1213 3173 homi-

103 3210 230 3256 nibus
266 3209 447 3269 obiecit,
485 3214 529 3254 ct
563 3207 813 3267 ignotum.“
874 3210 953 3254 His
988 3211 1209 3261 simillima

103 3297 267 3342 habent
289 3295 528 3354 Gregorius
551 3298 844 3342 nazianzenus
871 3296 990 3342 Orat.
1010 3298 1209 3360 XXXIV,

102 3390 146 3429 et
189 3385 239 3430 R.
285 3384 432 3429 Moses
477 3386 521 3429 in
567 3385 746 3431 Summa
799 3398 878 3430 sua
930 3385 1207 3447 Talmudica,

105 3473 246 3518 Tract.
274 3472 338 3517 -dc
370 3471 667 3518 fundamentis
702 3474 861 3535 Legis,
899 3487 996 3534 cap.
1021 3475 1053 3519 I.

203 3560 278 3620 ⁶⁹)
325 3559 507 3618 Philipp.
550 3560 603 3605 II.
652 3561 827 3606 6—9.

103 3649 291 3694 conferri
339 3646 500 3693 debent
534 3662 646 3707 quae
681 3650 838 3695 scribit
870 3664 1077 3697 romanus
1115 3653 1210 3698 Cle-

101 3749 222 3781 mens
255 3737 299 3783 in
333 3735 368 3779 I.
394 3735 449 3780 ad
474 3734 673 3782 Corinth.
710 3751 806 3797 cap.
831 3739 958 3785 XVI:
1002 3733 1069 3785 Τὸ
1097 3737 1206 3800 σκῆ-

99 3835 243 3884 πτρον
275 3818 358 3882 τῆς
390 3817 700 3894 μεγαλοσύνης
719 3821 803 3871 τοῦ
825 3823 956 3883 θεοῦ,
992 3820 1017 3873 ὁ
1053 3820 1207 3889 κύριος

98 3903 230 3971 ἡμῶν
251 3904 456 3972 Χριστὸς
477 3903 662 3970 Ἰησοῦς,
697 3905 779 3958 οὐκ
800 3905 946 3973 ἦλθεν
969 3909 1204 3976 ἐν’κόμπῳ

100 3991 388 4055 ἀλαζονείας,
424 3989 526 4045 οὐδὲ
556 3991 896 4061 ὑπερηφανίας,
930 4002 1095 4064 καίπερ
1129 4001 1207 4052 δυ·-

100 4080 292 4148 νάμενος
305 4101 316 4112 ·
351 4077 472 4133 ἀλλά
505 4085 888 4152 ταπεινοφρονῶν.

908 3562 1014 3607 Cum
1051 3565 1208 3623 quibus

1400 1179 1474 1239 ⁶⁹)
1510 1178 1543 1223 I.
1565 1178 1665 1223 Cor.
1686 1178 1799 1223 XIII.
1824 1178 1900 1224 12.
1946 1179 2072 1225 Unde
2095 1181 2406 1240 vulgatissima

1298 1267 1413 1327 apud
1447 1266 1600 1311 Patres
1637 1266 1854 1327 doctrina,
1890 1261 2053 1328 γνῶσιν
2085 1268 2270 1315 fructum
2305 1285 2407 1317 esse

1297 1368 1348 1400 ac
1383 1355 1486 1400 fidei
1524 1354 1748 1400 corenam.
1805 1346 1902 1400 Διοέ
1937 1353 2144 1413 πίστεως,
2180 1360 2243 1404 ait
2272 1359 2410 1419 Chry-

1296 1449 1522 1489 sostomus
1567 1444 1611 1488 in
1658 1444 1789 1502 epist.
1835 1443 1891 1488 ad
1932 1443 2118 1502 Philipp.
2165 1445 2284 1490 hom.
2320 1446 2407 1508 XI,

1296 1525 1325 1592 ἡ
1359 1527 1546 1594 γνοὸσιςε
1580 1537 1624 1576 et
1649 1532 1946 1577 Theodoritus
1981 1533 2025 1576 in
2060 1533 2205 1593 primo
2240 1534 2295 1579 de
2333 1549 2408 1580 cu-

1297 1621 1446 1666 randis
1482 1635 1634 1678 graec.
1673 1620 1815 1666 affect.
1851 1632 2077 1681 sermone,
2121 1612 2295 1683 ἡγεῖται
2327 1619 2410 1683 τῆς

1296 1700 1500 1771 γνώσεως
1532 1700 1562 1768 ἠ
1597 1707 1773 1762 πίστις.·
1808 1708 1996 1768 Cyrinus
2021 1721 2131 1754 vero
2163 1710 2410 1757 alexandri-

1297 1797 1386 1843 nus'
1414 1798 1470 1843 ad
1503 1798 1605 1843 Joh.
1630 1798 1706 1859 VI,
1742 1790 1859 1858 μετοέ
1891 1789 1974 1857 τήν
2008 1795 2159 1843 πίστιν
2180 1789 2209 1857 ἦ
2233 1793 2409 1859 γνῶσις,

1297 1884 1373 1931 καὶ
1397 1878 1451 1931 οὗ
1473 1879 1567 1948 πρὸ
1600 1881 1683 1946 τῆς
1716 1884 1936 1939 πίστεως.·
1972 1891 2015 1930 et
2049 1885 2406 1946 Theophylactus

1299 1976 1342 2020 in
1379 1976 1509 2034 epist.
1558 1975 1613 2020 ad
1656 1975 1740 2020 Tit.
1778 1974 1811 2019 Ι.
1852 1973 1903 2032 1,
1950 1969 2136 2035 πρῶτον
2168 1965 2198 2033 ἡ
2233 1973 2407 2030 πίστις,

1297 2059 1396 2111 εἶτα
1430 2055 1528 2109 ἀπό
1561 2055 1731 2122 ταύτης
1763 2054 1791 2122 ἡ
1827 2060 2076 2123 ἐπίγνωσις.

1399 2152 1593 2212 Quibus,
1649 2151 1834 2209 aliisque
1881 2150 2038 2195 eadem
2084 2157 2228 2196 mente
2275 2152 2407 2197 dictis

1299 2254 1579 2300 summopere
1615 2240 1875 2299 abutuntur,
1924 2239 1996 2297 qui
2039 2243 2276 2298 propterea
2319 2246 2410 2286 sta-

1299 2334 1450 2388 tuunt,
1481 2330 1672 2375 nnllam
1717 2328 1848 2405 nobis
1888 2343 1913 2367 Ρ
1915 2342 1984 2373 sse
2025 2334 2198 2374 certam
2243 2331 2408 2390 009ηὲ-

1298 2420 1481 2477 tionem,
1518 2432 1635 2478 quae
1668 2431 1762 2468 non
1794 2431 1820 2462 e
1851 2416 1945 2474 fide
1973 2417 2190 2476 pendeat,
2226 2431 2284 2489 ac
2314 2419 2409 2476 fide

1297 2512 1582 2552 sustentetur.
1639 2505 1815 2550 Etenim
1849 2505 2070 2550 vocabulo
2092 2499 2298 2567 γνώσεως
2319 2519 2407 2552 non

1297 2596 1499 2653 quamvis
1551 2599 1714 2639 certam
1766 2594 1994 2652 notitiam,
2051 2594 2131 2638 sed
2174 2595 2280 2639 illud
2326 2608 2408 2640 no-

1298 2683 1495 2727 minatim
1543 2682 1848 2739 cognitionum
1896 2695 2037 2739 genus
2072 2682 2223 2727 Patres
2265 2683 2408 2740 signi-

1296 2772 1449 2830 ficant,
1498 2771 1617 2828 quod
1662 2771 1779 2815 circa
1824 2770 2002 2815 obiecta
2037 2769 2245 2814 divinitus
2280 2784 2407 2814 reve-

1295 2860 1383 2904 lata
1419 2864 1643 2918 versatur,
1692 2859 1896 2917 quodque
1931 2858 2109 2903 scholae
2145 2858 2293 2903 dicere
2328 2848 2405 2903 so-

1295 2948 1385 2992 lent
1417 2947 1768 3007 intelligentiam
1805 2948 2074 3007 doqmatum.

1394 3035 1505 3080 Hinc
1541 3036 1656 3095 apud
1692 3036 1874 3081 eosdem
1910 3036 2061 3080 Patres
2096 3034 2291 3093 reperias
2327 3047 2405 3079 ne-

1295 3136 1421 3168 cesse
1474 3137 1600 3183 esse,
1653 3131 1701 3170 ut
1750 3120 1912 3186 γνῶσι-ς
1963 3123 2092 3168 fidem
2145 3127 2403 3167 antevertat.

1296 3212 1589 3258 Theodoritus
1624 3214 1668 3258 in
1714 3225 1918 3258 sermone
1965 3225 2093 3270 quem
2139 3210 2401 3268 citavimus,

1516 3298 1679 3348 Αεῖται
1712 3293 1741 3361 ἦ
1776 3299 1926 3354 πίστις
1958 3296 2041 3359 τῆς
2074 3292 2279 3359 γνώσεως
2314 3332 2324 3343 .
2341 3332 2351 3343 .
2366 3331 2376 3342 .
2390 3332 2403 3353 ,

1294 3380 1397 3434 οὔτε
1447 3382 1536 3451 γάρ
1587 3389 1737 3442 πίστις
1787 3380 1893 3434 ἄνευ
1942 3378 2159 3449 γνώσεως.
2234 3386 2402 3438 Eadem

1294 3476 1426 3523 docet
1459 3477 1629 3526 Marcus
1674 3478 1855 3525 eremita
1905 3476 1958 3520 de
2002 3475 2120 3533 Lege
2164 3474 2400 3534 spirituali,

1577 3557 1625 3611 Ὁ
1659 3559 1724 3625 μή
1757 3555 1987 3626 γινώσκων
2029 3555 2111 3621 τήν
2157 3554 2400 3621 ἀλήθειαν,

1296 3300 1434 3359 inquit
1450 3314 1459 3344 :

1293 3564 1520 3610 scribens:

1293 3644 1396 3699 οὔτε
1440 3645 1638 3713 ἀληθῶς
1693 3643 1912 3699 πιστεύειν
1964 3641 2180 3695 δύναται·
2236 3642 2265 3709 ἡ
2312 3642 2401 3711 γάρ

1290 3736 1450 3801 γνῶσις
1483 3734 1605 3787 nst—to?
1638 3733 1772 3802 φύσιν
1800 3743 2066 3800 προηγεῖται
2089 3733 2172 3797 τῆς
2193 3736 2401 3792 πίστεως.

1290 3828 1439 3886 Neque
1476 3829 1603 3874 aliter
1638 3828 1881 3885 Hesychius
1927 3825 2159 3885 presbyter
2203 3825 2327 3870 Cent.
2364 3826 2396 3870 1.

1290 3930 1333 3960 n.
1354 3915 1441 3975 LX,
1461 3921 1507 3961 et
1531 3922 1685 3966 auctor
1703 3916 1955 3977 Constitutt.
1977 3913 2183 3973 Apostol.
2202 3913 2280 3959 lib.
2302 3913 2396 3959 VII.

1291 4018 1389 4065 cap.
1420 4004 1619 4051 XXXIV.

1401 4092 1563 4150 Quare*
1592 4105 1800 4154 germana
1848 4090 2020 4141 patrum
2068 4087 2285 4140 sententia.
2333 4087 2400 4139 bis
