2574 4276
135 107 238 156 532
955 103 1176 158 LIBER
1247 103 1640 160 SECUNDUS

131 249 478 317 Hieronymus,
518 247 632 298 dum
655 248 724 274 ¹³⁴
750 245 859 311 „hac
892 243 1120 296 Rufinum
1155 245 1544 313 interrogatione
1579 246 1826 313 percellit:
1890 248 2096 316 „Fidem
2147 265 2288 303 suam
2324 267 2471 319 quam

132 339 310 393 vocat?
348 354 525 393 eamne
561 352 656 403 qua
693 352 909 386 romana
943 335 1095 402 pollet
1132 335 1364 403 ccclesia,
1402 353 1464 389 an
1502 337 1584 389 illa
1622 353 1749 405 quae
1787 339 1838 389 in
1874 338 2105 408 Origenis
2139 342 2470 395 voluminibus

135 427 449 484 continetur?
487 428 530 479 si
567 443 835 478 romanam
868 427 1207 493 responderit,
1257 445 1378 496 erqo
1414 426 1650 480 catholici
1687 432 1907 482 sumus.“
1978 430 2136 485 Docet
2172 435 2470 502 amplissima

133 520 550 592 disputatione¹³⁵
591 517 808 584 OptatuS,
849 519 931 584 qui
967 519 1368 578 commemoratis
1410 521 1626 588 quinque
1662 521 1907 573 ecclesiae
1945 523 2154 590 dotibuS,
2191 541 2250 577 ac
2287 527 2470 579 unitate

131 613 393 666 cathedrae
443 611 610 677 priore
658 609 770 660 loco
818 612 1089 674 recensita,
1151 611 1324 664 infert-z
1351 653 1354 656 .
1386 610 1555 679 „Ergo
1608 611 1841 664 cathedra
1887 620 2044 666 unica
2067 616 2159 682 ¹³⁶,
2220 631 2347 684 quae
2395 624 2472 670 est

129 708 284 773 prima
310 704 371 754 de
399 701 607 768 dotibus,
637 702 764 753 sedit
787 702 923 769 prior
947 702 1133 768 PetruS,
1172 703 1251 754 cui
1275 703 1518 755 successit
1539 703 1689 756 Linus
1705 743 1716 755 .
1739 745 1750 755 .
1774 745 1811 771 .,
1837 704 2050 758 Damaso
2077 706 2279 759 Siricius
2303 708 2468 776 hodie,

131 798 212 865 qui
248 802 419 847 noster
453 800 530 846 est
564 795 755 860 sociuS,
820 811 937 845 cum
985 812 1084 859 quo
1131 795 1275 846 nobis
1325 795 1474 847 totus
1510 794 1648 846 orbis
1695 798 1999 849 commercio
2049 797 2366 851 formatarum
2414 807 2467 852 in

128 908 235 941 una
270 893 637 940 communionis
673 892 922 939 societate
959 887 1287 938 concordat.“
1358 887 1433 939 Ne
1480 903 1626 954 quam
1675 903 1796 940 vero
1845 888 2073 941 elabendi
2108 892 2283 942 rimam
2321 891 2474 944 dona-

131 983 253 1033 tistis
292 987 510 1048 apertam
547 979 818 1046 relinquat,
856 977 1152 1045 illorumque
1189 985 1387 1031 coetum
1424 995 1523 1031 non
1560 981 1721 1032 minus
1759 979 2024 1033 cathedrae
2061 983 2268 1049 unitate,
2323 997 2469 1050 quam

131 1074 322 1126 dotibus
358 1073 562 1140 reliquis
602 1087 776 1124 carere
814 1069 1066 1138 ostendat,
1105 1078 1274 1123 monet
1308 1071 1430 1138 „has
1466 1073 1530 1123 ita
1567 1072 1660 1123 sibi
1685 1087 1937 1126 connexas
1965 1081 2014 1126 et
2038 1074 2311 1126 individuas
2338 1090 2468 1140 esse,

128 1175 181 1219 ut
215 1167 514 1234 intelligatur
547 1180 645 1216 una
681 1163 741 1215 ab
780 1162 932 1215 altera
971 1164 1191 1230 separari
1227 1179 1327 1217 non
1360 1179 1524 1231 posse.
1583 1164 1776 1216 Etenim
1815 1173 2137 1218 numerantur
2171 1168 2222 1218 in
2253 1167 2469 1232 nomine,

133 1260 222 1312 sed
258 1274 358 1310 uno
395 1257 649 1309 intellectu
686 1270 776 1308 suo
813 1256 1083 1323 iunguntur
1122 1257 1173 1307 in
1212 1271 1451 1323 corpore:
1492 1263 1545 1308 ut
1581 1258 1630 1307 in
1668 1273 1815 1308 manu
1852 1258 2006 1326 digiti,
2046 1273 2171 1326 quos
2208 1259 2474 1311 intervallis

130 1351 353 1420 singulos
389 1350 613 1402 videmus
652 1364 767 1400 esse
798 1347 1075 1400 distinctos.
1149 1348 1289 1401 Unde
1324 1349 1408 1416 qui
1444 1354 1582 1400 tenet
1629 1365 1804 1414 unum,
1866 1357 1994 1402 totos
2050 1357 2216 1402 teneat
2259 1366 2473 1403 necesse

132 1453 230 1513 est,
293 1460 405 1495 cum
447 1442 787 1509 unusquisque
836 1456 864 1491 a
909 1441 1107 1508 paribus
1158 1442 1376 1509 separari
1424 1456 1523 1492 non
1571 1443 1740 1509 possit.
1814 1441 1958 1494 Adde
2014 1443 2144 1510 quod
2191 1457 2292 1494 non
2324 1458 2472 1495 unam

130 1539 316 1604 solum,
385 1536 476 1589 sed
513 1549 686 1586 omnes
719 1534 918 1600 proprie
953 1533 1279 1600 possidemus.
1353 1526 1505 1601 Igitur
1543 1534 1604 1585 de
1643 1534 1836 1586 dotibus
1875 1551 2022 1602 supra
2061 1534 2201 1586 dictis
2241 1534 2471 1586 cathedra

131 1622 208 1683 est
240 1630 421 1697 prima,
458 1644 610 1694 quam
642 1623 976 1692 probavimus
1008 1643 1102 1691 per
1139 1623 1360 1677 Petrum
1396 1632 1628 1677 nostram
1665 1627 1841 1692 esse,“
1897 1643 2128 1694 quaeque
2167 1633 2362 1678 ceteras
2398 1627 2473 1678 in-

128 1723 278 1775 cludit
315 1728 461 1788 atque
499 1719 855 1786 complectitur.
918 1717 1034 1769 Post
1058 1733 1186 1785 quae
1212 1719 1435 1770 oratione
1461 1717 1523 1769 ad
1549 1718 1816 1771 donatistas
1843 1734 2115 1772 conversa:
2157 1718 2468 1786 „Intelligite,

131 1816 321 1879 clamat,
358 1812 442 1865 vel
478 1827 610 1878 ser0,
655 1826 746 1862 vos
785 1825 901 1862 esse
938 1808 1062 1862 filios
1091 1810 1299 1877 'impiOS,
1351 1825 1441 1863 vos
1470 1796 1595 1862 ‘esse
1631 1825 1798 1862 ramos
1831 1810 2013 1863 fractos
2051 1813 2111 1863 ab
2149 1812 2344 1879 arbore,
2382 1826 2472 1863 vos

133 1922 246 1958 esse
286 1905 536 1958 abscissos
573 1903 800 1971 palmites
838 1919 867 1953 a
903 1901 1029 1968 vite,
1090 1917 1182 1954 vos
1221 1917 1336 1954 esse
1372 1903 1533 1954 rivum
1579 1903 1832 1954 concisum
1878 1919 1906 1954 a
1956 1902 2107 1955 fonte.
2181 1903 2292 1955 Non
2340 1900 2471 1954 enim

131 2005 295 2066 potest
322 2013 437 2051 esse
472 1997 616 2064 origo
651 1997 803 2060 rivuS,
843 1995 956 2061 quia
994 2010 1176 2062 parvus
1212 2001 1288 2047 est
1326 2001 1374 2046 et
1410 2009 1507 2045 non
1545 1994 1607 2045 de
1632 2009 1688 2046 se
1713 1994 1958 2046 nascitur:
1995 2001 2077 2047 aut
2109 1995 2257 2047 arbor
2282 2011 2310 2046 a
2333 2009 2473 2047 ramo

132 2091 339 2158 concidi,
381 2105 530 2157 quum
569 2088 717 2140 arbor
755 2087 954 2139 fundata
992 2089 1094 2139 suis
1131 2086 1379 2139 radicibus
1417 2086 1645 2154 gaudeat,
1686 2091 1735 2137 et
1770 2102 1937 2138 ramus
1975 2088 2018 2139 si
2049 2085 2198 2138 fuerit
2222 2091 2471 2152 exsectus,

135 2190 343 2237 arescat.
416 2183 591 2234 Jamne
630 2181 797 2247 vides,
851 2178 1003 2230 frater
1038 2177 1388 2246 Parmeniane,
1451 2180 1614 2230 iamne
1651 2179 1836 2247 sentiS,
1903 2179 2065 2234 iamne
2102 2178 2364 2246 intelligis,
2427 2184 2476 2229 te

135 2276 439 2344 argumentis
476 2275 573 2327 tuis
611 2281 782 2325 contra
817 2279 865 2324 te
904 2269 1180 2323 militasse?
1242 2287 1353 2324 cum
1401 2271 1660 2338 probatum
1707 2276 1808 2338 est,
1868 2286 1960 2323 nos
2008 2286 2122 2324 esse
2170 2272 2219 2321 in
2257 2270 2474 2322 ecclesia

135 2375 305 2421 sancta
344 2367 611 2433 catholica,
675 2365 799 2434 apud
838 2379 961 2431 quos
1000 2371 1049 2416 et
1084 2364 1360 2433 symbolum
1400 2364 1646 2416 Trinitatis
1671 2364 1741 2389 ¹³⁷
1786 2370 1885 2416 estz
1946 2370 1995 2416 et
2036 2381 2130 2430 per
2179 2361 2476 2415 cathedram

141 2459 305 2525 Petri,
346 2476 473 2528 quae
512 2465 682 2511 nostra
720 2463 811 2524 est,
849 2464 898 2509 et
930 2474 1024 2523 per
1057 2463 1226 2523 ipsam
1262 2464 1463 2508 ceteras
1503 2456 1643 2507 dotes
1671 2458 1744 2483 ¹³⁸
1786 2455 1914 2523 apud
1949 2470 2042 2509 nos
2079 2456 2246 2509 esse.“

318 2557 434 2604 162.
508 2551 684 2618 Neque
721 2549 830 2601 fieri
865 2564 988 2601 sane
1021 2550 1198 2617 potuit,
1237 2555 1290 2600 ut
1328 2548 1391 2599 de
1427 2549 1635 2615 primatu
1671 2548 1817 2615 Petri,
1857 2549 2020 2616 deque
2056 2549 2213 2600 insitis
2250 2547 2473 2600 eiusdem

134 2646 317 2697 iuribus
368 2645 509 2696 aliter
557 2643 933 2710 arbitrarentur,
997 2643 1174 2709 quibus
1225 2647 1413 2692 certum
1464 2640 1867 2708 exploratumque
1919 2647 2050 2707 erat,
2111 2640 2297 2691 idcirco
2341 2645 2476 2690 inter

137 2739 400 2790 duodecim
435 2747 599 2789 unum
636 2733 858 2788 Petrum
884 2733 1069 2804 fuisse
1103 2732 1382 2799 delectum,
1421 2740 1478 2784 ut
1512 2739 1680 2799 capite
1716 2739 2021 2798 constituto,
2062 2730 2474 2800 quemadmodum

247 2937 346 2998 134)
385 2936 494 2981 Con.
530 2934 672 2979 Rufin.
709 2931 788 2977 lib.
813 2931 846 2977 I.
883 2947 926 2979 n.
951 2931 997 2977 4.

247 3053 345 3114 ¹³⁵)
399 3052 509 3097 Con.
561 3053 762 3097 Parmen.
814 3050 894 3096 lib.
930 3049 984 3096 II.
1038 3062 1144 3109 pag.
1182 3047 1261 3093 34.

140 3143 248 3188 edit.
285 3143 423 3187 Paris·
464 3141 609 3187 1679.

246 3260 344 3320 ¹³⁶)
401 3258 783 3314 Quemadmodum
839 3259 985 3303 unica
1031 3257 1261 3315 ecclesia,

138 3356 270 3409 atque
305 3351 472 3396 unicus
507 3351 815 3410 episcopatem,
852 3348 1021 3392 unitate
1057 3347 1261 3392 nimirum

135 3440 365 3500 principii,
404 3440 594 3497 originis
631 3444 761 3496 atque
797 3440 953 3483 centri.

249 3555 347 3615 137)
383 3555 577 3601 Dubium
602 3570 703 3602 esse
725 3561 901 3617 potest,
940 3570 994 3600 an
1015 3554 1263 3616 symbolum

138 3650 270 3689 vocet
311 3645 413 3690 heic
454 3646 740 3705 mysterium,
784 3650 833 3691 ut
868 3644 1107 3703 aliquando
1144 3656 1264 3702 sym-

139 3733 286 3777 bolica
322 3740 367 3779 et
402 3736 589 3793 mystica
625 3735 976 3797 confunduntur3
1018 3747 1072 3778 an
1107 3733 1260 3793 potius

140 3822 466 3879 synecdochice
520 3830 596 3869 aut
643 3821 744 3871 κατ’
800 3816 965 3887 ἐξοχὴν
1014 3823 1076 3868 ita
1127 3826 1264 3867 vocet

141 3905 447 3969 apostolorum
476 3914 744 3975 symbolum,
783 3915 886 3973 quia
913 3912 1144 3959 Trinitatis
1169 3925 1263 3969 my-

137 4001 323 4044 sterium
357 4005 640 4062 praecipuum
677 4008 747 4048 est
783 4003 982 4048 eiusdem
1028 4011 1263 4059 argumen-

138 4093 242 4133 tum.
325 4089 470 4134 Malim
518 4095 691 4153 tamen,
754 4092 897 4151 inquit
942 4090 1261 4153 Casaubonus,

1347 2931 1614 2991 simpliciter
1647 2931 1854 2990 accipere
1878 2941 1960 2989 pro
1985 2928 2073 2974 fide
2097 2941 2150 2972 ac
2172 2926 2469 2987 professione,

1348 3025 1396 3066 ut
1448 3020 1697 3081 symbolum
1749 3019 1988 3065 Trinitatis
2040 3017 2151 3062 nihil
2207 3016 2327 3062 aliud
2382 3018 2472 3076 sit,

1347 3122 1476 3168 quam
1513 3109 1632 3168 quod
1668 3110 1829 3155 Victor
1874 3107 2090 3153 uticensis
2133 3104 2210 3150 lib.
2237 3105 2291 3150 11.
2331 3105 2473 3163 fidem

1346 3200 1578 3260 integram
1616 3199 1856 3244 Trinitatis
1891 3195 2096 3256 appellat.
2165 3194 2316 3254 Neque
2351 3194 2470 3239 ratio

1348 3295 1417 3335 est
1461 3288 1706 3349 impedita,
1763 3300 1895 3346 quum
1940 3284 2220 3345 symbolum,
2279 3283 2471 3342 fideique

1347 3392 1517 3423 summa
1554 3378 1644 3423 sibi
1679 3376 1993 3437 respondeant.
2064 3375 2191 3421 Unde
2218 3386 2308 3419 non
2333 3372 2472 3418 semel

1347 3473 1396 3514 ut
1439 3480 1688 3526 synonyma
1744 3466 2085 3524 coniunguntur.
2166 3463 2240 3510 De
2283 3462 2381 3521 fide
2429 3466 2473 3507 et

1346 3557 1547 3618 symbolo
1594 3570 1644 3602 se
1689 3557 1942 3616 disputasse
1988 3554 2145 3600 scribit
2190 3553 2467 3611 Augustinus

1347 3647 1538 3693 Retract.
1586 3645 1664 3691 lib.
1695 3645 1729 3691 I.
1779 3659 1874 3705 cap.
1899 3643 2049 3705 XVII,
2097 3656 2180 3689 nec
2217 3641 2353 3708 naliter
2398 3640 2472 3685 alii

1345 3736 1597 3795 loquuntur.
2239 3786 2242 3789 v

1454 3824 1553 3885 ¹³⁸)
1587 3822 1675 3869 Ubi
1709 3823 1827 3868 enim
1865 3820 2075 3867 cathedra
2111 3825 2180 3866 est
2214 3819 2356 3879 Petri,
2406 3817 2470 3864 ibi

1346 3913 1537 3959 ecclesia
1585 3917 1654 3958 est
1700 3925 1834 3972 super
1868 3911 2044 3956 Petrum
2092 3909 2358 3968 aedificata3
2402 3906 2470 3951 ni-

1347 4003 1504 4047 mirum
1539 4016 1645 4047 vera
1683 4006 1753 4046 est
1787 4000 2004 4058 ecclesia,
2042 4013 2154 4058 quae
2190 4011 2278 4043 non
2313 4000 2464 4055 potest

1346 4106 1371 4138 a
1408 4092 1502 4138 suis
1539 4091 1720 4138 dotibus
1756 4089 1947 4148 seiungi.
2415 4077 2419 4081 ⁴
