2574 4276
1007 133 1268 202 CAPUT
1338 133 1518 192 xxv.
2325 136 2422 186 271

125 274 348 327 fectionis
383 271 617 341 gradum,
664 279 751 337 qui
786 279 952 324 virum
987 280 1250 325 maturum
1274 276 1345 302 ’66
1387 275 1550 339 decet,
1601 289 1843 338 quemque
1876 269 2042 323 virilis
2081 271 2322 325 ecclesiae
2351 276 2419 302 ¹⁶¹

125 372 270 418 aetas
299 363 554 430 postulat3
604 382 667 415 ne
713 370 878 414 simus
915 363 1136 429 amplius
1173 366 1223 415 in
1258 365 1354 416 fide
1391 372 1440 416 et
1476 365 1755 431 cognitione
1784 366 1854 391 ¹⁶²
1888 369 2060 428 pueri,
2102 351 2425 431 fluctuantes

123 462 291 506 animo
338 461 388 507 et
431 453 719 507 circumlati
766 473 1083 520 quacumque
1128 456 1387 507 doctrinae
1414 458 1483 482 ¹⁶³
1531 461 1780 517 vanitate,
1820 471 1916 519 pro
1961 452 2216 506 hominum
2252 473 2425 507 versa-

124 552 197 598 lia
221 547 309 609 ¹⁶⁴,
347 544 577 610 dolisque
611 545 787 608 malie,
826 543 1008 610 quibus
1045 563 1138 597 nos
1164 544 1369 613 fallunt
1400 564 1462 598 ac
1495 552 1550 597 in
1586 553 1940 597 transversum
1968 547 2039 574 ’66
2079 544 2354 612 abripiunt.

300 642 415 688 349.
489 636 586 690 Sed
622 653 856 704 quorsum
889 637 1043 702 haec,
1090 638 1134 689 si
1169 638 1384 690 Christus
1421 652 1511 688 suo
1546 638 1743 688 numine
1781 637 2024 688 ecclesiae
2060 638 2133 689 sic
2171 638 2335 703 adest,
2371 644 2423 690 ut

123 745 248 796 quae
281 730 343 781 ad
379 730 690 795 conspicuam
737 728 863 779 illius
906 728 1140 779 unitatem
1174 733 1418 794 spectant⁷
1467 728 1572 794 ipse
1609 728 1742 779 solus
1779 734 1923 794 atque
1960 726 2168 795 ἁμέσως
2205 728 2422 782 efficiat?

123 835 355 887 quorsum
390 820 538 886 haec⁷
588 821 630 871 si
666 819 882 871 Christus
921 819 1114 884 corpori
1150 833 1266 884 suc,
1313 817 1443 883 quod
1479 824 1554 869 est
1588 818 1822 885 ecclesia,
1859 825 2105 886 tamquam
2141 802 2421 886 supremum

123 917 172 961 et
215 910 455 962 invisibile
504 916 644 977 caput
693 911 764 961 sic
805 915 1028 975 praeest,
1078 914 1130 958 ut
1152 909 1269 974 ,ipse
1304 907 1438 959 solus
1476 923 1534 959 ac
1575 905 1786 974 ἁμέσως
1820 910 1946 962 illius
1983 910 2202 962 membra
2237 908 2420 977 iungat,

120 1002 380 1068 iunctaque
420 998 715 1053 conservet?
785 1001 930 1052 Hisce
967 1001 1276 1067 geminisque
1311 998 1771 1065 interrogationibus
1809 1015 1954 1052 nemo
1990 1008 2100 1068 apte
2135 1002 2420 1069 prudenter-

121 1107 216 1158 que
251 1093 570 1160 respondeat,
611 1093 689 1143 cui
723 1098 880 1142 ratum
915 1090 1044 1140 haud
1078 1090 1154 1155 sit,
1192 1087 1542 1155 providentiam
1579 1105 1672 1155 qua
1711 1090 1933 1143 divinitus
1971 1093 2181 1145 ecclesia
2215 1095 2420 1161 regitur,

120 1197 233 1235 esse
268 1183 336 1235 illi
371 1183 660 1235 simillimam
674 1222 687 1246 ‚
726 1198 820 1248 qua
855 1182 980 1233 haec
1015 1195 1182 1231 rerum
1218 1179 1506 1230 universitas
1543 1180 1923 1247 administratur,
1960 1199 2020 1235 ac
2054 1185 2295 1250 principes
2329 1199 2418 1236 no-

118 1273 416 1339 bilioresque
451 1281 614 1340 partes
660 1276 725 1325 ita
759 1272 864 1324 Deo
915 1277 1241 1335 asseruntur,
1269 1275 1323 1320 ut
1354 1270 1601 1322 secundae
1638 1287 1696 1322 ac
1733 1273 1976 1325 obnoxiae
2008 1273 2284 1326 hominibus
2319 1290 2417 1326 non

117 1364 437 1432 denegentur.
508 1364 627 1423 Quis
672 1379 791 1415 sane
837 1369 992 1431 neget
1039 1362 1347 1413 verissimum
1395 1376 1534 1426 esse,
1590 1362 1721 1428 quod
1771 1364 1822 1413 in
1866 1362 2124 1431 Scripturis
2153 1367 2222 1392 ’66
2274 1367 2418 1418 toties

115 1457 364 1523 repetitur,
401 1470 489 1506 cor
523 1471 719 1517 novum,
757 1472 1039 1519 novumque
1071 1458 1310 1518 spiritum
1344 1451 1449 1503 Deo
1487 1454 1695 1503 maxime
1729 1453 1904 1506 referri
1938 1456 1988 1506 in
2024 1457 2236 1523 acceptis
2272 1472 2416 1523 opor-

117 1544 262 1598 tere?
274 1561 457 1613 neque
498 1551 662 1597 tamen
696 1545 868 1597 falsum
905 1552 980 1597 est
1006 1544 1137 1612 quod
1166 1542 1398 1595 Ezechiel
1425 1544 1493 1570 ¹⁶⁷
1536 1543 1728 1595 scribit:
1767 1542 1971 1596 abiicite
2003 1565 2036 1597 a
2069 1545 2213 1597 vobis
2247 1564 2418 1599 omnes

114 1643 583 1704 praevaricationes
619 1643 822 1689 vestras
859 1634 1041 1702 quibus
1076 1640 1423 1701 praevaricati
1459 1639 1598 1698 estiS,
1635 1613 1767 1727 02⁸2
1804 1627 1960 1713 sum]
1994 1644 2042 1688 et
2071 1636 2243 1706 facite
2277 1636 2418 1689 vobis

123 1781 211 1816 cor
259 1781 443 1815 novum
489 1771 539 1816 et
584 1769 822 1829 spiritum
864 1780 1078 1825 novum3
1134 1761 1363 1829 quodque
1409 1760 1582 1812 Paulus
1637 1767 1686 1812 et
1728 1762 1976 1815 Johannes
2021 1763 2282 1830 affirmant,
2338 1763 2419 1815 ille

125 1855 238 1907 dum
264 1857 337 1883 ¹⁶⁸
375 1855 544 1922 inquit,
582 1854 965 1923 καθαρίσωμεν
1000 1847 1219 1915 ἑαυτούς
1251 1850 1359 1905 ἁπὸ
1388 1849 1582 1913 παντὸς
1610 1853 1886 1922 μολυσμοῦ
1919 1852 2113 1921 σαρκὸς
2150 1855 2237 1906 καὶ
2272 1851 2421 1907 πνεύ-

116 1963 307 2015 ματος,
352 1946 698 2008 ἐπιτελοῦντες
742 1943 1036 2013 ἁγιωσύνην
1082 1950 1138 1998 ἐν
1173 1943 1325 2014 φόβῳ
1363 1943 1527 1996 θεοῦι
1573 1943 1654 1994 hic
1690 1944 1802 1996 dum
1828 1946 1898 1973 ¹⁶⁹
1940 1946 2027 2011 ait,
2073 1946 2173 2007 πᾶς
2209 1947 2237 1996 ὁ
2276 1947 2419 2009 ἔχων

115 2031 207 2101 τὴν
241 2038 427 2090 ἐλπίδα
460 2037 648 2101 ταύτην
679 2037 760 2089 ἐπ’
799 2036 958 2106 αὐτῷ,
995 2034 1191 2103 ἁγνίζει
1228 2036 1429 2097 ἑαυτόν,
1467 2028 1661 2095 καθως
1698 2038 1890 2097 ἐκεῖνος
1925 2033 2086 2104 ἁγνός
2120 2041 2238 2090 ἐστι.
2299 2037 2416 2098 Quis

116 2136 268 2197 neget
298 2129 454 2181 Deum
500 2144 612 2181 esse
658 2130 924 2233 principem
961 2144 1183 2181 caussam
1220 2143 1347 2195 quae
1375 2129 1445 2154 ¹⁷⁰
1484 2130 1535 2177 in
1566 2125 1707 2177 nobis
1748 2134 1975 2193 operatur
2021 2129 2107 2181 και
2145 2130 2202 2180 τὸ
2238 2127 2418 2181 θελειν

117 2221 203 2272 καὶ
245 2219 303 2272 τὸ
339 2221 594 2287 ἐνεργεῖν,
641 2216 772 2286 ὑπὲρ
809 2221 896 2282 τῆς
941 2218 1228 2280 εὐδοκίαςὲ)
1275 2234 1438 2285 neque
1474 2224 1638 2269 tamen
1673 2217 1846 2270 falsum
1883 2225 1957 2270 est
2001 2220 2050 2271 id
2086 2221 2232 2271 etiam
2264 2220 2417 2271 verbo

114 2311 334 2363 revelato
384 2311 648 2363 convenire
675 2314 765 2377 ¹⁷¹,
805 2311 935 2378 quod
972 2317 1233 2379 propterea
1275 2309 1494 2376 δύναμις
1541 2307 1683 2360 θεοῦ
1729 2312 1804 2371 εἰς
1853 2310 2112 2378 σωτηρίαν
2157 2311 2309 2363 παντὶ
2342 2312 2419 2379 τῷ

117 2401 408 2454 πιστεύοντι
455 2408 770 2470 nuncupatur.
843 2402 967 2462 Quid
1013 2403 1169 2469 magis
1207 2402 1381 2453 Christi
1425 2402 1671 2468 proprium
1710 2416 1854 2467 quam
1889 2417 2071 2454 nomen
2113 2409 2161 2454 et
2197 2417 2317 2469 opus
2344 2403 2414 2429 ¹⁷²

116 2491 415 2547 salvatoris?
451 2509 613 2560 neque
648 2500 813 2544 tamen
847 2493 1018 2544 falsum
1056 2499 1131 2544 est
1166 2493 1297 2559 quod
1330 2492 1543 2543 Jacobus
1569 2493 1638 2518 ¹⁷³
1680 2492 1872 2559 scribit,
1918 2497 2238 2559 γινωσκέτω,
2276 2490 2353 2544 δ’τι
2389 2494 2417 2544 0‘

117 2588 432 2654 ἐπιστρέψας
475 2582 789 2653 ἁμαρτωλὸν
835 2588 893 2636 ἐκ
937 2580 1134 2645 πλάνης
1181 2583 1310 2635 ὁδοῦ
1360 2580 1549 2644 αὐτοῦ,
1607 2581 1763 2634 σώσει
1810 2579 1994 2652 ψυχὴν
2039 2587 2097 2635 ἐκ
2143 2581 2418 2635 θανάτους

222 2790 320 2852 ’66)
359 2789 537 2836 Graecis
572 2781 690 2853 ἁνήρ
722 2773 897 2847 τὲλειος,
933 2792 1003 2838 cui
1035 2792 1222 2851 opponi·
1304 2789 1424 2848 quod
1458 2789 1558 2834 heic
1593 2788 1638 2833 in
1674 2788 1939 2834 deteriorem
1974 2794 2143 2848 partem
2180 2789 2408 2851 accipitur,

116 2883 186 2924 tur
218 2870 335 2939 ἁνήρ
369 2871 553 2940 νήπιος,
592 2885 662 2925 εει
693 2881 767 2924 vir
798 2885 1005 2926 maturae
1038 2881 1219 2926 aetatis.
1305 2877 1418 2922 adeo
1454 2882 1501 2922 ut
1532 2874 1756 2937 μεθοδεία
1789 2871 1872 2936 τῆς
1904 2870 2080 2937 πλάνης
2113 2878 2172 2922 εἰι
2206 2890 2277 2936 ars
2308 2878 2413 2923 sub-

224 2971 323 3034 ¹⁶¹)
359 2973 493 3035 Heio,
530 2986 617 3018 non
652 2986 779 3018 secus
815 2987 869 3018 ac
903 2973 1024 3034 alibi,
1061 2979 1107 3018 et
1139 2986 1220 3018 no-
1303 2965 1404 3010 dole
1440 2964 1698 3022 excogitata
1734 2964 1848 3010 alios
1883 2964 2147 3024 decipiendi.

117 3059 315 3106 minatim
351 3062 504 3122 cap.⁷1.
529 3061 607 3108 23.
642 3053 873 3123 πλήρωμα
905 3056 1116 3123 Χριστοῦ
1150 3067 1220 3107 εει
1409 3057 1508 3120 ’66)
1534 3058 1604 3103 Ρε.
1623 3058 1670 3104 L.
1694 3057 1903 3119 12—13‚
1931 3057 2092 3104 Ezech.
2110 3059 2309 3106 XXXVI.
2328 3059 2406 3120 26,

117 3148 330 3195 ecclesia.
1301 3147 1464 3192 Jerem.
1500 3146 1658 3192 XXXI.
1694 3146 1774 3192 33.

223 3236 323 3298 ¹⁶²)
358 3234 564 3281 Carnales
598 3236 823 3298 nimirum,
867 3241 911 3281 et
945 3235 1104 3294 quibus
1142 3236 1219 3281 ad·
1410 3233 1508 3295 ¹⁶⁷)
1544 3233 1707 3279 Ezech.
1743 3233 1900 3279 XVIII.
1939 3233 2016 3279 31.

117 3322 202 3369 huc
233 3324 347 3370 lacte
382 3337 493 3384 opus
530 3324 603 3369 sit.
1408 3320 1507 3383 ’66)
1542 3321 1596 3366 ΙΙ.
1635 3321 1737 3366 Cor.
1774 3322 1870 3367 Vll.
1910 3321 1951 3366 1.

224 3411 323 3472 ¹⁶³)
358 3412 595 3472 VanitatiS‚
633 3409 914 3469 levitatisque
948 3408 1074 3455 notio
1112 3422 1217 3455 con·
1408 3408 1505 3470 ’66)
1540 3409 1572 3454 I.
1609 3409 1712 3454 Joh.
1748 3409 1820 3454 III.
1859 3410 1903 3454 3.

117 3497 279 3544 ιίηειω·
312 3510 424 3544 voce
458 3489 625 3561 ἁνέμῳ.
1407 3496 1505 3558 ¹⁷⁰)
1542 3497 1730 3558 Philipp.
1767 3497 1820 3542 11.
1860 3495 1935 3541 13.

220 3599 317 3661 ¹⁶⁴¹)
353 3600 627 3646 Vocabulum
662 3597 831 3663 κυβεία,
867 3600 985 3658 quod
1014 3598 1113 3644 heic
1141 3611 1218 3644 oc-
1409 3584 1507 3645 ¹⁷¹)
1542 3585 1668 3630 Rom·
1704 3584 1737 3629 Ῑ·
1778 3584 1853 3630 16·

117 3687 276 3748 currit,
323 3694 393 3733 est
437 3689 480 3734 in
522 3689 572 3733 N.
610 3689 657 3734 T.
703 3680 835 3743 ἅπαξ
867 3681 1126 3749 λεγόμενον,
1173 3692 1218 3732 ει
1407 3672 1506 3733 ¹⁷²)
1541 3672 1583 3718 Α
1618 3685 1704 3731 (1Πο
1739 3684 1873 3730 Opere
1909 3681 2068 3714 ”Omen
2110 3669 2197 3728 iPSi
2242 3671 2404 3718 sactum

115 3789 244 3833 quum
272 3777 464 3835 proprie
498 3776 704 3834 designet
726 3776 920 3822 talorum
945 3775 1124 3831 ludum,
1161 3775 1216 3819 ad
1300 3766 1393 3822 est>
1431 3760 1662 3819 dictusque
1696 3750 1891 3818 Ἰησοῦς,
1934 3754 2125 3838 ἕῖξῖπᾞι
2171 3758 2403 3821 salvatos&

108 3863 326 3921 fraudem
359 3864 690 3923 exprimendam
722 3865 1032 3926 metaphorice
1073 3869 1215 3909 trans·
1299 3861 1402 3925 quia
1447 3865 1598 3911 Matth.
1635 3863 1667 3908 1.
1703 3861 1781 3908 21.
1828 3852 1967 3914 αὐτὸς
2010 3854 2145 3914 σώσει
2178 3858 2258 3912 τόν
2289 3858 2404 3912 λαόν

112 3951 263 3997 fertur.
1298 3945 1443 4000 αὐτοῦ
1475 3943 1574 3998 ἀπὸ
1606 3945 1698 3997 τῶν
1731 3941 1972 4012 ἁμαρτιῶν
2004 3941 2169 3997 αὐτῶν.

219 4051 318 4115 ¹⁶⁵)
351 4050 598 4100 Μεθοδεία
642 4059 712 4101 εει
756 4054 1019 4101 vocabulum
1062 4052 1214 4116 μέσον,
1407 4053 1504 4116 ¹⁷³)
1537 4052 1694 4100 Jacob.
1730 4052 1784 4099 V.
1822 4051 1900 4099 20.
