2574 4276
1074 167 1315 223 CAPUT
1379 168 1474 220 111.
2363 170 2429 220 59

129 315 250 380 vim,
298 319 585 379 captumque
621 311 830 363 hominis
866 311 1210 379 praerogativa
1248 310 1536 375 excederet,
1587 325 1680 377 qua
1705 310 1824 387 vquis
1873 315 2043 360 auctor
2075 308 2429 361 benedictionis

126 407 174 457 in
205 411 380 472 gentes
417 418 590 454 omnes
623 403 958 454 refundendae
993 402 1290 469 perhibetur.
1363 402 1683 453 Nihilominus
1722 408 1770 453 et
1806 417 1915 452 eam
1953 401 2235 468 dignitatem
2272 401 2429 452 Abra-

124 497 268 548 hamo
314 475 628 560 concessam,
682 501 731 545 et
776 494 903 545 hanc
947 495 993 545 ei
1039 495 1433 560 praerogativam
1482 494 1734 557 tributam,
1788 507 1934 543 nemo
1983 499 2204 543 nostrum
2241 498 2316 543 est
2350 493 2432 558 qui

125 586 375 638 inficietur.
448 585 526 636 Ad
570 586 755 636 divinas
791 600 913 652 ergo
952 584 1082 650 quod
1118 586 1287 635 attinet
1323 584 1487 650 doteS,
1526 585 1722 635 secerni
1760 583 2020 650 diligenter
2056 584 2203 635 debet
2239 587 2431 634 earum-

124 678 236 729 dem
272 677 416 743 plena
456 692 513 726 ac
548 678 708 727 nativa
742 675 993 742 possessio
1031 689 1058 723 a
1094 675 1488 740 participatione,
1537 686 1663 740 quae
1698 676 1823 726 intra
1861 681 2022 726 certos
2058 674 2179 725 fines
2218 680 2267 724 et
2303 670 2431 725 dvoc-

123 769 293 835 λόγως
331 766 622 817 conferatur.
693 766 777 816 Illa
810 762 1050 827 ἀκίνητος
1086 770 1175 829 est,
1213 779 1376 830 neque
1401 765 1508 815 fieri
1541 772 1703 831 potest
1737 773 1787 817 ut
1813 766 2035 833 supellex
2058 766 2120 817 sit
2145 771 2428 816 creaturae:

122 859 247 910 haec
285 855 486 920 κινητὺς
523 865 625 923 est,
665 874 722 908 ac
757 862 899 924 prout
934 856 1091 905 visum
1127 852 1233 904 Deo
1270 854 1436 920 fuerit,
1475 855 1743 906 adhibetur.
1806 857 1931 917 Quid
1968 858 2097 908 enim
2134 857 2199 908 ab
2232 857 2430 907 homine

122 952 356 1002 remotius
395 964 539 1016 quam
576 947 812 1010 fledtng?
838 951 887 996 et
922 946 1152 1010 scriptum
1183 949 1349 995 tamen
1372 949 1418 972 ⁷⁰
1458 947 1692 1013 legimus:
1733 964 1823 1015 eqo
1859 944 1995 1009 dia-i,
2035 950 2105 1000 dii
2141 954 2279 999 estis.

299 1040 471 1106 Neque
517 1038 851 1090 vehementius
899 1049 1214 1086 commovere
1276 1050 1368 1087 nos
1417 1037 1621 1088 alt-erum
1673 1038 1846 1103 debet,
1905 1054 2078 1091 munus
2130 1039 2430 1091 fundamenti

123 1132 370 1184 sublimius
401 1144 539 1194 esse,
579 1145 722 1195 quam
756 1134 808 1178 ut
844 1127 1121 1193 exspectari
1157 1126 1217 1177 ab
1254 1127 1452 1179 homine
1488 1130 1667 1195 possit,
1707 1145 1765 1179 ac
1800 1143 1995 1179 rursum
2033 1132 2274 1196 gravioris
2313 1146 2427 1182 esse

121 1223 372 1286 momenti,
411 1235 554 1287 quam
590 1225 642 1269 ut
675 1218 884 1270 hominis
921 1234 1084 1285 curae,
1124 1219 1391 1286 studiisque
1428 1220 1696 1286 prudenter
1729 1220 2048 1286 permittatur.
2121 1220 2270 1279 Quasi
2307 1236 2428 1272 vero

119 1319 198 1363 aut
232 1313 391 1364 minor
416 1316 562 1362 esset
595 1311 914 1377 praestantia,
964 1317 1046 1360 aut
1084 1311 1244 1360 minor
1292 1311 1342 1361 in
1382 1326 1444 1362 eo
1482 1310 1761 1377 difficultaS,
1811 1317 1864 1361 ut
1912 1326 1976 1360 ex
2009 1325 2108 1361 uno
2145 1310 2343 1362 homine
2379 1313 2430 1362 in

117 1404 483 1454 universitatem
519 1403 736 1469 gentium
761 1402 1038 1453 benedictio
1079 1401 1443 1453 diffunderetur.
1516 1402 1684 1474 Itaque
1722 1403 1932 1468 spectari
1955 1401 2103 1453 homo
2142 1401 2302 1468 debet,
2341 1403 2431 1454 sed

118 1494 261 1546 simul
297 1509 407 1543 cum
439 1491 545 1544 Deo
570 1495 635 1557 ⁷¹,
672 1507 772 1543 non
808 1507 1032 1545 seorsum
1067 1511 1095 1545 a
1133 1493 1255 1561 De0,
1296 1493 1458 1544 divino
1495 1499 1791 1545 sustentatus
1816 1495 2030 1561 numine,
2070 1509 2168 1545 non
2205 1495 2431 1560 propriae

118 1585 429 1636 imbecillitati
476 1585 759 1650 permissus,
832 1583 1144 1660 Quis-porro
1191 1585 1429 1651 ambigat,
1479 1590 1640 1634 utrum
1686 1583 1837 1634 homo
1886 1600 1998 1635 cum
2044 1584 2178 1650 De0,
2228 1586 2431 1651 eiusque

117 1677 314 1727 numine
353 1674 661 1743 confirmatus
698 1675 835 1726 obire
873 1677 1007 1727 vices
1042 1678 1196 1743 possit
1230 1675 1558 1741 fundamenti,
1598 1690 1782 1742 easque
1821 1677 2022 1743 explere
2057 1683 2250 1744 parteS,
2306 1692 2432 1743 quae

118 1767 415 1818 fundamenti
458 1767 684 1833 propriae
723 1773 862 1834 sunt,
911 1774 959 1818 et
1009 1767 1180 1834 quibus
1219 1766 1426 1819 aedificii
1474 1767 1631 1817 unitas
1666 1765 1894 1818 constat?
1943 1768 2117 1820 videor
2154 1783 2277 1835 ergo
2315 1768 2433 1819 mihi

118 1859 359 1911 affirmare
404 1856 740 1908 concludendo
787 1873 961 1925 posse,
1008 1859 1122 1910 inde
1157 1859 1463 1926 potissimum
1507 1865 1678 1909 contra
1713 1859 1842 1909 Petri
1880 1857 2176 1926 ὑπεροχήν,
2226 1859 2432 1927 dignita-

116 1955 314 2015 temque
361 1948 661 2000 fundamenti
710 1948 1014 2000 difficultates
1037 1952 1083 1975 Π
1129 1950 1399 2016 proficisci,
1447 1950 1579 2017 quod
1624 1965 1725 2000 non
1765 1951 1880 2001 satis
1917 1950 1978 2002 ad
2014 1951 2433 2019 supernaturalem

118 2040 339 2091 ordinem
380 2039 604 2090 divinitus
640 2040 934 2106 institutum,
987 2041 1254 2108 iugemque
1289 2041 1464 2093 Christi
1497 2042 1851 2109 praesentiam,
1903 2058 1997 2109 qua
2035 2043 2279 2095 ecclesiae
2318 2059 2432 2110 pro-

118 2132 286 2198 spicit,
326 2132 513 2182 animus
551 2131 841 2182 advertatur.

120 2289 263 2350 θεοῦ,
317 2289 674 2355 συγκληρονόμοι
718 2292 766 2340 δὲ
812 2288 1036 2357 Χριστοῦ.
1119 2295 1235 2351 Quid
1319 2310 1414 2357 cap.
1448 2297 1585 2343 XVII.
1618 2297 1696 2343 22.
1741 2312 1837 2343 eam
1879 2291 2022 2355 δόξαν
2061 2300 2149 2345 illis
2191 2300 2431 2360 impertiit,

120 2382 203 2427 Dei
250 2383 389 2442 ipsius
419 2384 615 2427 ·visione
667 2375 939 2428 sublimius?
1000 2389 1044 2429 et
1088 2390 1235 2429 tamen

123 2475 308 2515 testatur
342 2470 376 2515 Ι.
396 2470 496 2515 Cor.
518 2470 633 2515 XIII.
661 2469 734 2515 12.
769 2471 953 2516 Paulus:
990 2469 1236 2532 Βλέπομεν

119 2551 208 2620 γάρ
253 2550 359 2619 ἄρτι
399 2554 455 2603 δι’
500 2550 719 2620 ἑςόπτρου
753 2558 801 2604 ἐν
835 2557 1088 2620 αἰνίγματι,
1132 2553 1236 2607 τότε

1017 2648 1133 2714 Quid
1177 2649 1233 2695 ad

122 2733 458 2779 admirationem
513 2735 713 2780 ciendam
767 2736 957 2781 validius
1010 2742 1233 2796 potestate

121 2643 168 2690 δὲ
212 2638 458 2703 πρόςωπον
511 2639 630 2707 πρὸς
677 2639 935 2705 πρόςωπον.

121 2822 371 2868 remittendi
414 2814 637 2882 peccata?
695 2827 742 2868 et
786 2828 933 2869 tamen
978 2824 1090 2869 haec
1134 2826 1232 2883 ipsa

122 2911 338 2968 apostolis
374 2911 633 2956 conceditur
662 2912 764 2957 Joh.
792 2911 888 2956 XX.
913 2912 1002 2958 23:
1047 2904 1135 2958 'LAv
1169 2928 1232 2959 ‘n-

119 3010 206 3041 νων
239 2989 388 3059 ἀφῆτε
420 2991 504 3052 τοὶς
538 2990 784 3061 ἁμαρτίας,
820 2992 1030 3061 ἀφίενται
1061 2993 1232 3053 αὐτοῖς.

126 3084 239 3138 Quid
281 3086 440 3131 virtute
474 3087 632 3132 edendi
669 3085 878 3133 miracula
916 3088 971 3133 ab
1007 3089 1233 3134 hominum

124 3172 418 3219 imbecillitate
443 3166 722 3219 seiunctius?
758 3181 802 3220 et
826 3181 973 3220 tamen
1006 3177 1236 3222 confirmat

123 3259 318 3304 Christus
351 3261 450 3307 Joh.
479 3262 597 3307 XIV.
631 3261 718 3307 12:
775 3254 926 3323 Ἀμὴν
961 3256 1086 3324 ἁμήν
1120 3262 1234 3326 λέγω

122 3338 255 3406 ὖμῖν,
296 3339 321 3392 ὁ
356 3341 575 3395 πιστεύων
608 3349 669 3403 εἰς
704 3348 802 3411 ἐμέ,
837 3343 896 3397 τοὶ
932 3346 1043 3414 ἔργα
1076 3342 1112 3397 (ἓ
1146 3346 1234 3414 ἐγώ

123 3429 244 3478 ποιῶ
257 3468 270 3489 ,
314 3427 516 3490 κάκεῖνος
549 3431 751 3498 ποιήσει·
797 3437 873 3484 καὶ
908 3436 1093 3500 μείζονα
1128 3434 1234 3487 τού-

122 3536 212 3566 των
246 3514 436 3580 ποιήσει.
494 3525 721 3572 Videlicet
755 3541 850 3571 cum
887 3541 942 3572 eo
977 3535 1235 3587 supernatu-

123 3610 202 3654 rali
222 3600 405 3670 ordine,
441 3624 567 3670 quem
589 3614 708 3660 Deus
744 3617 934 3674 primum
970 3617 1151 3677 delegit,
1187 3623 1234 3663 et

126 3697 180 3742 ad
224 3711 352 3756 quem
395 3698 546 3757 lapsos
587 3702 793 3763 homines
833 3719 912 3764 per
945 3706 1231 3763 Unigenitum

126 3786 383 3830 revocavit:
431 3799 528 3831 cum
562 3802 612 3833 ea
648 3790 809 3837 Christi
845 3784 1122 3853 οἰκονομίᾳ,
1149 3808 1233 3852 qua

126 3873 226 3918 Joh.
261 3874 357 3918 XV.
396 3874 441 3918 9.
490 3877 722 3933 apostolos
759 3879 938 3940 dilexit,
992 3883 1106 3926 sicut
1140 3883 1234 3940 ipse

128 3961 397 4018 diligebatur
432 3976 453 4006 a
491 3962 641 4023 Patre,
689 3980 770 4024 qua
815 3980 895 4012 eos
941 3982 983 4012 v.
1026 3967 1099 4013 15.
1144 3981 1233 4014 non

125 4042 334 4106 δούλους,
389 4050 469 4095 sed
515 4047 674 4111 φίλους
713 4055 1002 4115 nuncupavit,
1060 4060 1104 4102 et
1149 4070 1232 4115 qua

1318 2400 1449 2446 quam
1496 2387 1684 2445 ipsemet
1720 2401 1742 2430 a
1779 2387 1908 2432 Patre
1951 2393 2211 2450 acceperat3
2256 2390 2435 2448 partici-

1317 2475 1468 2535 patio,
1504 2452 1881 2535 supernorumque
1916 2488 2142 2522 munerum
2178 2479 2432 2523 communio

1319 2563 1568 2607 arctissime
1603 2563 1826 2609 cohaeret.

1422 2679 1497 2740 7⁰)
1531 2678 1601 2724 Ps.
1638 2678 1848 2725 LXXXII.
1885 2680 1929 2725 6.
1973 2682 2072 2726 coll.
2112 2682 2214 2728 Joh.
2250 2682 2305 2727 X.
2344 2682 2433 2728 34:

1315 2758 1428 2828 Ἐγώ
1462 2761 1596 2822 εἶπα,
1643 2765 1749 2812 θεοί
1785 2767 1896 2814 ἐστε.
2387 2753 2399 2760 ’Δ

1421 2883 1496 2944 ⁷¹)
1551 2884 1699 2929 Matth.
1746 2885 1945 2930 XXVIII.
1994 2885 2089 2931 20:
2158 2878 2269 2949 Ἐγώ
2321 2885 2433 2949 μεθ’

1315 2962 1445 3031 ὑμῶν
1477 2969 1566 3031 εἰμι
1599 2963 1758 3025 πάσας
1787 2966 1872 3026 τοὶς
1895 2965 2082 3036 ἡμέρας,
2119 2969 2203 3028 ἕως
2227 2971 2309 3035 τῆς
2332 2990 2434 3022 συν-

1318 3056 1490 3112 τελείας
1521 3054 1606 3105 τοῦ
1641 3055 1819 3114 αἰῶνος.

1422 3174 1496 3236 72)
1534 3176 1652 3222 Sane
1685 3178 1794 3222 nihil
1831 3178 2044 3240 crebrius,
2081 3181 2432 3227 confidentiusve

1319 3265 1556 3324 opponitur
1590 3278 1721 3324 quam
1757 3266 1862 3311 illud
1897 3266 1930 3311 Ι.
1956 3266 2057 3312 Cor.
2096 3267 2168 3311 111.
2209 3267 2294 3312 11:
2346 3263 2433 3314 Θε-

1317 3350 1469 3412 μέλιον
1512 3346 1601 3415 γάρ
1647 3345 1788 3400 ἄλλον
1834 3347 1979 3407 οὐδεὶς
2032 3347 2224 3400 δύναται
2276 3357 2434 3402 θεῖναι

1317 3433 1450 3499 παρὰ
1491 3433 1571 3487 τᾶν
1604 3440 1825 3502 κείμενον,
1871 3434 1924 3496 ὅς
1958 3443 2077 3489 ἐστιν
2111 3435 2283 3502 Ἰησοῦς
2316 3443 2436 3507 Χρι-

1316 3521 1436 3581 στός.

1318 3617 1570 3662 damentum
1608 3619 1779 3664 censeri
1815 3624 1993 3678 posset,
2038 3618 2157 3677 quod
2193 3633 2219 3669 a
2255 3620 2430 3666 Christo

1506 3529 1642 3585 Quasi
1677 3543 1788 3575 vero
1826 3537 1900 3576 aut
1936 3531 2054 3575 aliud
2079 3544 2103 3574 a
2129 3530 2308 3576 Christo
2336 3533 2433 3579 fun-

1317 3705 1417 3764 ipso
1452 3707 1723 3764 praeiactum
1760 3711 1852 3766 est,
1891 3719 1942 3749 ac
1978 3708 2105 3751 unius
2140 3707 2306 3754 Christi
2340 3710 2431 3754 vir-

1318 3798 1410 3838 tute
1446 3795 1680 3839 consistit:
1728 3799 1802 3838 aut
1844 3795 2088 3840 inauditum
2134 3800 2277 3856 esset,
2326 3801 2370 3840 et
2406 3810 2429 3840 a

1317 3882 1556 3927 bibliorum
1601 3882 1920 3927 consuetudine
1966 3883 2179 3944 alienum,
2228 3889 2275 3929 ut
2318 3898 2430 3945 quae

1318 3970 1478 4014 Christi
1519 3971 1701 4028 propria
1745 3975 1864 4030 sunt,
1914 3954 2069 4016 eadem
2106 3985 2204 4016 cum
2239 3970 2429 4017 homini-

1315 4057 1397 4102 bus
1433 4058 1523 4103 sint
1555 4059 1894 4122 participatione
1930 4060 2194 4105 communia.
