<?xml version="1.0" encoding="UTF-8"?>
<!DOCTYPE html PUBLIC "-//W3C//DTD XHTML 1.0 Transitional//EN"
    "http://www.w3.org/TR/xhtml1/DTD/xhtml1-transitional.dtd">
<html xmlns="http://www.w3.org/1999/xhtml" xml:lang="en" lang="en">
 <head>
  <title>
</title>
<meta http-equiv="Content-Type" content="text/html;charset=utf-8" />
  <meta name='ocr-system' content='tesseract 3.04.00' />
  <meta name='ocr-capabilities' content='ocr_page ocr_carea ocr_par ocr_line ocrx_word'/>
</head>
<body>
  <div class='ocr_page' id='page_1' title='image "a603168400passuoft_0009.png"; bbox 0 0 2574 4276; ppageno 0'>
   <div class='ocr_carea' id='block_1_1' title="bbox 494 472 1891 667">
    <p class='ocr_par' dir='ltr' id='par_1_1' title="bbox 494 472 1891 667">
     <span class='ocr_line' id='line_1_1' title="bbox 494 472 1891 667; baseline -0.005 0"><span class='ocrx_word' id='word_1_1' title='bbox 494 472 1891 667; x_wconf 64' lang='lat' dir='ltr'>Pssotiflomiwl</span> 
     </span>
    </p>
   </div>
   <div class='ocr_carea' id='block_1_2' title="bbox 56 822 2336 1057">
    <p class='ocr_par' dir='ltr' id='par_1_2' title="bbox 56 822 2336 1057">
     <span class='ocr_line' id='line_1_2' title="bbox 217 822 2333 960; baseline -0.006 -13"><span class='ocrx_word' id='word_1_2' title='bbox 217 822 506 956; x_wconf 60' lang='lat' dir='ltr'>auum</span> <span class='ocrx_word' id='word_1_3' title='bbox 535 911 592 945; x_wconf 87' lang='lat' dir='ltr'>ea</span> <span class='ocrx_word' id='word_1_4' title='bbox 625 890 923 960; x_wconf 88' lang='lat' dir='ltr'>exponenda,</span> <span class='ocrx_word' id='word_1_5' title='bbox 960 888 1234 954; x_wconf 80' lang='lat' dir='ltr'>tuendaque</span> <span class='ocrx_word' id='word_1_6' title='bbox 1261 870 1541 954; x_wconf 86' lang='lat' dir='ltr'>aggredior,</span> <span class='ocrx_word' id='word_1_7' title='bbox 1584 901 1708 952; x_wconf 90' lang='lat' dir='ltr'>quae</span> <span class='ocrx_word' id='word_1_8' title='bbox 1741 885 1802 935; x_wconf 90' lang='lat' dir='ltr'>de</span> <span class='ocrx_word' id='word_1_9' title='bbox 1820 885 1947 937; x_wconf 91' lang='lat' dir='ltr'>Petri</span> <span class='ocrx_word' id='word_1_10' title='bbox 1963 885 2333 952; x_wconf 89' lang='lat' dir='ltr'>praerogativis,</span> 
     </span>
     <span class='ocr_line' id='line_1_3' title="bbox 56 975 2336 1057; baseline -0.007 -15"><span class='ocrx_word' id='word_1_11' title='bbox 56 989 286 1057; x_wconf 91' lang='lat' dir='ltr'>singulari</span> <span class='ocrx_word' id='word_1_12' title='bbox 335 986 595 1053; x_wconf 75' lang='lat' dir='ltr'>dignitate,</span> <span class='ocrx_word' id='word_1_13' title='bbox 648 984 918 1048; x_wconf 81' lang='lat' dir='ltr'>eximiaque</span> <span class='ocrx_word' id='word_1_14' title='bbox 967 979 1258 1047; x_wconf 80' lang='lat' dir='ltr'>praestantia</span> <span class='ocrx_word' id='word_1_15' title='bbox 1300 977 1350 1026; x_wconf 93' lang='lat' dir='ltr'>in</span> <span class='ocrx_word' id='word_1_16' title='bbox 1396 977 1567 1028; x_wconf 92' lang='lat' dir='ltr'>divinis</span> <span class='ocrx_word' id='word_1_17' title='bbox 1600 977 1767 1027; x_wconf 90' lang='lat' dir='ltr'>litteris</span> <span class='ocrx_word' id='word_1_18' title='bbox 1805 977 2137 1043; x_wconf 72' lang='lat' dir='ltr'>continentur,</span> <span class='ocrx_word' id='word_1_19' title='bbox 2182 975 2336 1042; x_wconf 93' lang='lat' dir='ltr'>probe</span> 
     </span>
    </p>
   </div>
   <div class='ocr_carea' id='block_1_3' title="bbox 58 1066 2341 1417">
    <p class='ocr_par' dir='ltr' id='par_1_3' title="bbox 58 1066 2341 1417">
     <span class='ocr_line' id='line_1_4' title="bbox 58 1066 2338 1146; baseline -0.007 -13"><span class='ocrx_word' id='word_1_20' title='bbox 58 1083 227 1146; x_wconf 91' lang='lat' dir='ltr'>senti0,</span> <span class='ocrx_word' id='word_1_21' title='bbox 269 1095 377 1130; x_wconf 90' lang='lat' dir='ltr'>eam</span> <span class='ocrx_word' id='word_1_22' title='bbox 415 1094 441 1128; x_wconf 89' lang='lat' dir='ltr'>a</span> <span class='ocrx_word' id='word_1_23' title='bbox 479 1091 556 1126; x_wconf 90' lang='lat' dir='ltr'>me</span> <span class='ocrx_word' id='word_1_24' title='bbox 595 1074 890 1142; x_wconf 92' lang='lat' dir='ltr'>provinciam</span> <span class='ocrx_word' id='word_1_25' title='bbox 925 1071 1118 1136; x_wconf 80' lang='lat' dir='ltr'>suscipi,</span> <span class='ocrx_word' id='word_1_26' title='bbox 1156 1084 1298 1136; x_wconf 90' lang='lat' dir='ltr'>quam</span> <span class='ocrx_word' id='word_1_27' title='bbox 1334 1067 1647 1134; x_wconf 90' lang='lat' dir='ltr'>plurimorum</span> <span class='ocrx_word' id='word_1_28' title='bbox 1683 1066 1966 1132; x_wconf 90' lang='lat' dir='ltr'>iampridem</span> <span class='ocrx_word' id='word_1_29' title='bbox 2006 1081 2152 1119; x_wconf 86' lang='lat' dir='ltr'>curae</span> <span class='ocrx_word' id='word_1_30' title='bbox 2183 1070 2194 1092; x_wconf 93' lang='lat'><strong>¹</strong></span> <span class='ocrx_word' id='word_1_31' title='bbox 2238 1081 2338 1117; x_wconf 91' lang='lat' dir='ltr'>non</span> 
     </span>
     <span class='ocr_line' id='line_1_5' title="bbox 59 1157 2336 1237; baseline -0.007 -15"><span class='ocrx_word' id='word_1_32' title='bbox 59 1171 400 1237; x_wconf 85' lang='lat' dir='ltr'>occupaverint</span> <span class='ocrx_word' id='word_1_33' title='bbox 444 1166 613 1232; x_wconf 90' lang='lat' dir='ltr'>m0d0,</span> <span class='ocrx_word' id='word_1_34' title='bbox 660 1179 827 1215; x_wconf 89' lang='lat' dir='ltr'>verum</span> <span class='ocrx_word' id='word_1_35' title='bbox 873 1164 1016 1214; x_wconf 86' lang='lat' dir='ltr'>etiam</span> <span class='ocrx_word' id='word_1_36' title='bbox 1054 1161 1262 1213; x_wconf 87' lang='lat' dir='ltr'>solerter</span> <span class='ocrx_word' id='word_1_37' title='bbox 1301 1159 1591 1211; x_wconf 88' lang='lat' dir='ltr'>adornarint.</span> <span class='ocrx_word' id='word_1_38' title='bbox 1662 1157 1735 1208; x_wconf 91' lang='lat' dir='ltr'>Ne</span> <span class='ocrx_word' id='word_1_39' title='bbox 1771 1163 1934 1208; x_wconf 89' lang='lat' dir='ltr'>tamen</span> <span class='ocrx_word' id='word_1_40' title='bbox 1966 1163 2201 1224; x_wconf 81' lang='lat' dir='ltr'>mentem,</span> <span class='ocrx_word' id='word_1_41' title='bbox 2253 1172 2336 1222; x_wconf 85' lang='lat' dir='ltr'>co-</span> 
     </span>
     <span class='ocr_line' id='line_1_6' title="bbox 59 1248 2338 1328; baseline -0.007 -16"><span class='ocrx_word' id='word_1_42' title='bbox 59 1262 436 1328; x_wconf 89' lang='lat' dir='ltr'>gitationemque</span> <span class='ocrx_word' id='word_1_43' title='bbox 483 1255 760 1325; x_wconf 89' lang='lat' dir='ltr'>perficiendi</span> <span class='ocrx_word' id='word_1_44' title='bbox 810 1255 971 1322; x_wconf 90' lang='lat' dir='ltr'>operis</span> <span class='ocrx_word' id='word_1_45' title='bbox 1014 1268 1273 1319; x_wconf 86' lang='lat' dir='ltr'>exuerem,</span> <span class='ocrx_word' id='word_1_46' title='bbox 1328 1268 1385 1303; x_wconf 90' lang='lat' dir='ltr'>ac</span> <span class='ocrx_word' id='word_1_47' title='bbox 1432 1254 1542 1302; x_wconf 90' lang='lat' dir='ltr'>trito</span> <span class='ocrx_word' id='word_1_48' title='bbox 1591 1249 1870 1316; x_wconf 89' lang='lat' dir='ltr'>obsequens</span> <span class='ocrx_word' id='word_1_49' title='bbox 1912 1248 2200 1321; x_wconf 82' lang='lat' dir='ltr'>proverbiO,</span> <span class='ocrx_word' id='word_1_50' title='bbox 2243 1262 2338 1315; x_wconf 90' lang='lat' dir='ltr'>quo</span> 
     </span>
     <span class='ocr_line' id='line_1_7' title="bbox 59 1339 2341 1417; baseline -0.007 -13"><span class='ocrx_word' id='word_1_51' title='bbox 59 1359 270 1416; x_wconf 89' lang='lat' dir='ltr'>cavetur,</span> <span class='ocrx_word' id='word_1_52' title='bbox 311 1368 375 1401; x_wconf 76' lang='lat' dir='ltr'>ne</span> <span class='ocrx_word' id='word_1_53' title='bbox 409 1353 578 1399; x_wconf 79' lang='lat' dir='ltr'>actum</span> <span class='ocrx_word' id='word_1_54' title='bbox 615 1364 758 1415; x_wconf 70' lang='lat' dir='ltr'>aqas,</span> <span class='ocrx_word' id='word_1_55' title='bbox 796 1346 950 1397; x_wconf 88' lang='lat' dir='ltr'>studia</span> <span class='ocrx_word' id='word_1_56' title='bbox 984 1360 1094 1395; x_wconf 87' lang='lat' dir='ltr'>mea</span> <span class='ocrx_word' id='word_1_57' title='bbox 1131 1343 1224 1395; x_wconf 88' lang='lat' dir='ltr'>alio</span> <span class='ocrx_word' id='word_1_58' title='bbox 1261 1349 1630 1409; x_wconf 71' lang='lat' dir='ltr'>converterem,</span> <span class='ocrx_word' id='word_1_59' title='bbox 1678 1356 1840 1407; x_wconf 89' lang='lat' dir='ltr'>neque</span> <span class='ocrx_word' id='word_1_60' title='bbox 1875 1355 2043 1408; x_wconf 85' lang='lat' dir='ltr'>pauca,</span> <span class='ocrx_word' id='word_1_61' title='bbox 2081 1339 2341 1417; x_wconf 83' lang='lat' dir='ltr'>nequeea</span> 
     </span>
    </p>
   </div>
   <div class='ocr_carea' id='block_1_4' title="bbox 57 1436 1198 1511">
    <p class='ocr_par' dir='ltr' id='par_1_4' title="bbox 57 1436 1198 1511">
     <span class='ocr_line' id='line_1_8' title="bbox 57 1436 1198 1511; baseline -0.008 -16"><span class='ocrx_word' id='word_1_62' title='bbox 57 1458 255 1511; x_wconf 91' lang='lat' dir='ltr'>prorsus</span> <span class='ocrx_word' id='word_1_63' title='bbox 290 1440 418 1491; x_wconf 90' lang='lat' dir='ltr'>levia</span> <span class='ocrx_word' id='word_1_64' title='bbox 454 1437 719 1505; x_wconf 89' lang='lat' dir='ltr'>adfuerunt,</span> <span class='ocrx_word' id='word_1_65' title='bbox 760 1453 883 1504; x_wconf 88' lang='lat' dir='ltr'>quae</span> <span class='ocrx_word' id='word_1_66' title='bbox 923 1436 1198 1488; x_wconf 90' lang='lat' dir='ltr'>suaderent.</span> 
     </span>
    </p>
   </div>
   <div class='ocr_carea' id='block_1_5' title="bbox 56 1522 2342 1958">
    <p class='ocr_par' dir='ltr' id='par_1_5' title="bbox 56 1522 2342 1958">
     <span class='ocr_line' id='line_1_9' title="bbox 232 1522 2340 1595; baseline -0.005 -13"><span class='ocrx_word' id='word_1_67' title='bbox 232 1531 307 1582; x_wconf 92' lang='lat' dir='ltr'>Ac</span> <span class='ocrx_word' id='word_1_68' title='bbox 340 1529 574 1582; x_wconf 89' lang='lat' dir='ltr'>suadebat</span> <span class='ocrx_word' id='word_1_69' title='bbox 610 1530 840 1595; x_wconf 88' lang='lat' dir='ltr'>imprimis</span> <span class='ocrx_word' id='word_1_70' title='bbox 879 1529 1172 1580; x_wconf 90' lang='lat' dir='ltr'>eruditorum</span> <span class='ocrx_word' id='word_1_71' title='bbox 1210 1526 1500 1592; x_wconf 87' lang='lat' dir='ltr'>exemplum,</span> <span class='ocrx_word' id='word_1_72' title='bbox 1540 1524 1621 1591; x_wconf 92' lang='lat' dir='ltr'>qui</span> <span class='ocrx_word' id='word_1_73' title='bbox 1657 1523 1748 1575; x_wconf 91' lang='lat' dir='ltr'>sibi</span> <span class='ocrx_word' id='word_1_74' title='bbox 1782 1523 1910 1574; x_wconf 91' lang='lat' dir='ltr'>hanc</span> <span class='ocrx_word' id='word_1_75' title='bbox 1945 1522 2111 1590; x_wconf 90' lang='lat' dir='ltr'>legem</span> <span class='ocrx_word' id='word_1_76' title='bbox 2144 1523 2340 1573; x_wconf 90' lang='lat' dir='ltr'>minime</span> 
     </span>
     <span class='ocr_line' id='line_1_10' title="bbox 61 1614 2342 1687; baseline -0.004 -14"><span class='ocrx_word' id='word_1_77' title='bbox 61 1624 233 1674; x_wconf 88' lang='lat' dir='ltr'>dictam</span> <span class='ocrx_word' id='word_1_78' title='bbox 280 1621 499 1673; x_wconf 88' lang='lat' dir='ltr'>arbitrari</span> <span class='ocrx_word' id='word_1_79' title='bbox 544 1621 766 1671; x_wconf 90' lang='lat' dir='ltr'>videntur</span> <span class='ocrx_word' id='word_1_80' title='bbox 800 1623 844 1687; x_wconf 79' lang='lat'>²,</span> <span class='ocrx_word' id='word_1_81' title='bbox 897 1626 947 1670; x_wconf 89' lang='lat' dir='ltr'>ut</span> <span class='ocrx_word' id='word_1_82' title='bbox 982 1619 1040 1670; x_wconf 91' lang='lat' dir='ltr'>ab</span> <span class='ocrx_word' id='word_1_83' title='bbox 1076 1620 1132 1669; x_wconf 92' lang='lat' dir='ltr'>iis</span> <span class='ocrx_word' id='word_1_84' title='bbox 1168 1617 1461 1682; x_wconf 86' lang='lat' dir='ltr'>abstineant,</span> <span class='ocrx_word' id='word_1_85' title='bbox 1509 1631 1633 1682; x_wconf 90' lang='lat' dir='ltr'>quae</span> <span class='ocrx_word' id='word_1_86' title='bbox 1672 1615 1873 1666; x_wconf 91' lang='lat' dir='ltr'>aliorum</span> <span class='ocrx_word' id='word_1_87' title='bbox 1913 1614 2160 1681; x_wconf 84' lang='lat' dir='ltr'>diligentia</span> <span class='ocrx_word' id='word_1_88' title='bbox 2197 1628 2342 1664; x_wconf 92' lang='lat' dir='ltr'>occu-</span> 
     </span>
     <span class='ocr_line' id='line_1_11' title="bbox 58 1704 2337 1783; baseline -0.005 -16"><span class='ocrx_word' id='word_1_89' title='bbox 58 1717 254 1783; x_wconf 88' lang='lat' dir='ltr'>paverit.</span> <span class='ocrx_word' id='word_1_90' title='bbox 329 1711 569 1765; x_wconf 89' lang='lat' dir='ltr'>Suadebat</span> <span class='ocrx_word' id='word_1_91' title='bbox 602 1711 776 1761; x_wconf 90' lang='lat' dir='ltr'>deinde</span> <span class='ocrx_word' id='word_1_92' title='bbox 814 1711 943 1777; x_wconf 91' lang='lat' dir='ltr'>quod</span> <span class='ocrx_word' id='word_1_93' title='bbox 978 1710 1276 1777; x_wconf 85' lang='lat' dir='ltr'>Augustinus</span> <span class='ocrx_word' id='word_1_94' title='bbox 1315 1707 1374 1758; x_wconf 89' lang='lat' dir='ltr'>de</span> <span class='ocrx_word' id='word_1_95' title='bbox 1413 1707 1570 1757; x_wconf 89' lang='lat' dir='ltr'>divina</span> <span class='ocrx_word' id='word_1_96' title='bbox 1609 1706 1836 1757; x_wconf 89' lang='lat' dir='ltr'>Trinitate</span> <span class='ocrx_word' id='word_1_97' title='bbox 1874 1711 1983 1772; x_wconf 90' lang='lat' dir='ltr'>post</span> <span class='ocrx_word' id='word_1_98' title='bbox 2003 1704 2337 1771; x_wconf 90' lang='lat' dir='ltr'>Athanasium,</span> 
     </span>
     <span class='ocr_line' id='line_1_12' title="bbox 56 1796 2341 1872; baseline -0.004 -16"><span class='ocrx_word' id='word_1_99' title='bbox 56 1813 310 1870; x_wconf 89' lang='lat' dir='ltr'>utrumque</span> <span class='ocrx_word' id='word_1_100' title='bbox 339 1802 641 1868; x_wconf 88' lang='lat' dir='ltr'>Gregorium,</span> <span class='ocrx_word' id='word_1_101' title='bbox 679 1805 1026 1853; x_wconf 88' lang='lat' dir='ltr'>nazianzenum</span> <span class='ocrx_word' id='word_1_102' title='bbox 1065 1808 1112 1852; x_wconf 93' lang='lat' dir='ltr'>et</span> <span class='ocrx_word' id='word_1_103' title='bbox 1145 1815 1423 1868; x_wconf 82' lang='lat' dir='ltr'>nyssenum,</span> <span class='ocrx_word' id='word_1_104' title='bbox 1461 1798 1704 1865; x_wconf 91' lang='lat' dir='ltr'>Basilium,</span> <span class='ocrx_word' id='word_1_105' title='bbox 1742 1799 2091 1866; x_wconf 86' lang='lat' dir='ltr'>pictaviensem</span> <span class='ocrx_word' id='word_1_106' title='bbox 2110 1796 2341 1872; x_wconf 83' lang='lat' dir='ltr'>Hilarium</span> 
     </span>
     <span class='ocr_line' id='line_1_13' title="bbox 59 1887 2339 1958; baseline -0.004 -12"><span class='ocrx_word' id='word_1_107' title='bbox 59 1902 107 1946; x_wconf 89' lang='lat' dir='ltr'>et</span> <span class='ocrx_word' id='word_1_108' title='bbox 142 1895 451 1946; x_wconf 90' lang='lat' dir='ltr'>Ambrosium</span> <span class='ocrx_word' id='word_1_109' title='bbox 500 1893 911 1944; x_wconf 86' lang='lat' dir='ltr'>mediolanensem</span> <span class='ocrx_word' id='word_1_110' title='bbox 952 1893 1213 1958; x_wconf 89' lang='lat' dir='ltr'>scripturus</span> <span class='ocrx_word' id='word_1_111' title='bbox 1262 1887 1527 1941; x_wconf 84' lang='lat' dir='ltr'>litterarum</span> <span class='ocrx_word' id='word_1_112' title='bbox 1577 1891 1899 1941; x_wconf 89' lang='lat' dir='ltr'>monumentis</span> <span class='ocrx_word' id='word_1_113' title='bbox 1953 1889 2259 1956; x_wconf 86' lang='lat' dir='ltr'>consignavit</span> <span class='ocrx_word' id='word_1_114' title='bbox 2293 1889 2339 1938; x_wconf 80' lang='lat'>³:</span> 
     </span>
    </p>
   </div>
   <div class='ocr_carea' id='block_1_6' title="bbox 10 2051 1166 4144">
    <p class='ocr_par' dir='ltr' id='par_1_6' title="bbox 10 2051 1166 4144">
     <span class='ocr_line' id='line_1_14' title="bbox 174 2051 1158 2113; baseline -0.001 -16"><span class='ocrx_word' id='word_1_115' title='bbox 174 2053 214 2113; x_wconf 91' lang='lat'>¹)</span> <span class='ocrx_word' id='word_1_116' title='bbox 259 2053 351 2097; x_wconf 91' lang='lat' dir='ltr'>Hos</span> <span class='ocrx_word' id='word_1_117' title='bbox 387 2053 515 2111; x_wconf 89' lang='lat' dir='ltr'>inter,</span> <span class='ocrx_word' id='word_1_118' title='bbox 553 2052 624 2110; x_wconf 90' lang='lat' dir='ltr'>qui</span> <span class='ocrx_word' id='word_1_119' title='bbox 659 2051 874 2095; x_wconf 89' lang='lat' dir='ltr'>innumeri</span> <span class='ocrx_word' id='word_1_120' title='bbox 909 2056 1022 2111; x_wconf 90' lang='lat' dir='ltr'>sunt,</span> <span class='ocrx_word' id='word_1_121' title='bbox 1059 2065 1158 2110; x_wconf 90' lang='lat' dir='ltr'>spe-</span> 
     </span>
     <span class='ocr_line' id='line_1_15' title="bbox 65 2139 1158 2198; baseline -0.001 -12"><span class='ocrx_word' id='word_1_122' title='bbox 65 2143 236 2186; x_wconf 90' lang='lat' dir='ltr'>ciminis</span> <span class='ocrx_word' id='word_1_123' title='bbox 272 2142 416 2198; x_wconf 84' lang='lat' dir='ltr'>gratia</span> <span class='ocrx_word' id='word_1_124' title='bbox 452 2139 812 2184; x_wconf 86' lang='lat' dir='ltr'>commemorabo</span> <span class='ocrx_word' id='word_1_125' title='bbox 842 2140 1078 2185; x_wconf 92' lang='lat' dir='ltr'>Baronium</span> <span class='ocrx_word' id='word_1_126' title='bbox 1114 2141 1158 2185; x_wconf 94' lang='lat' dir='ltr'>in</span> 
     </span>
     <span class='ocr_line' id='line_1_16' title="bbox 63 2228 1160 2287; baseline -0.002 -13"><span class='ocrx_word' id='word_1_127' title='bbox 63 2229 328 2287; x_wconf 83' lang='lat' dir='ltr'>Annalibus,</span> <span class='ocrx_word' id='word_1_128' title='bbox 375 2228 680 2272; x_wconf 90' lang='lat' dir='ltr'>Bellarminum</span> <span class='ocrx_word' id='word_1_129' title='bbox 723 2229 766 2273; x_wconf 92' lang='lat' dir='ltr'>in</span> <span class='ocrx_word' id='word_1_130' title='bbox 811 2228 935 2272; x_wconf 90' lang='lat' dir='ltr'>libris</span> <span class='ocrx_word' id='word_1_131' title='bbox 982 2228 1036 2273; x_wconf 90' lang='lat' dir='ltr'>de</span> <span class='ocrx_word' id='word_1_132' title='bbox 1073 2229 1160 2273; x_wconf 89' lang='lat' dir='ltr'>Ro-</span> 
     </span>
     <span class='ocr_line' id='line_1_17' title="bbox 65 2299 1160 2376; baseline 0 -14"><span class='ocrx_word' id='word_1_133' title='bbox 65 2331 193 2362; x_wconf 89' lang='lat' dir='ltr'>mano</span> <span class='ocrx_word' id='word_1_134' title='bbox 238 2299 470 2376; x_wconf 45' lang='lat' dir='ltr'>Po&#39;ntifice,</span> <span class='ocrx_word' id='word_1_135' title='bbox 524 2301 706 2360; x_wconf 87' lang='lat' dir='ltr'>Hosium</span> <span class='ocrx_word' id='word_1_136' title='bbox 753 2317 797 2360; x_wconf 90' lang='lat' dir='ltr'>in</span> <span class='ocrx_word' id='word_1_137' title='bbox 843 2318 1056 2376; x_wconf 92' lang='lat' dir='ltr'>opusculo</span> <span class='ocrx_word' id='word_1_138' title='bbox 1105 2318 1160 2362; x_wconf 92' lang='lat' dir='ltr'>de</span> 
     </span>
     <span class='ocr_line' id='line_1_18' title="bbox 68 2405 1158 2466; baseline 0 -16"><span class='ocrx_word' id='word_1_139' title='bbox 68 2407 329 2450; x_wconf 86' lang='lat' dir='ltr'>auctoritate</span> <span class='ocrx_word' id='word_1_140' title='bbox 377 2405 601 2449; x_wconf 85' lang='lat' dir='ltr'>Pontificis</span> <span class='ocrx_word' id='word_1_141' title='bbox 657 2405 863 2466; x_wconf 90' lang='lat' dir='ltr'>Romani,</span> <span class='ocrx_word' id='word_1_142' title='bbox 916 2405 1066 2450; x_wconf 91' lang='lat' dir='ltr'>Polum</span> <span class='ocrx_word' id='word_1_143' title='bbox 1114 2406 1158 2450; x_wconf 90' lang='lat' dir='ltr'>in</span> 
     </span>
     <span class='ocr_line' id='line_1_19' title="bbox 63 2492 1159 2553; baseline 0.001 -15"><span class='ocrx_word' id='word_1_144' title='bbox 63 2495 174 2538; x_wconf 88' lang='lat' dir='ltr'>libro</span> <span class='ocrx_word' id='word_1_145' title='bbox 225 2494 279 2538; x_wconf 92' lang='lat' dir='ltr'>de</span> <span class='ocrx_word' id='word_1_146' title='bbox 323 2494 502 2539; x_wconf 91' lang='lat' dir='ltr'>Summo</span> <span class='ocrx_word' id='word_1_147' title='bbox 548 2492 781 2553; x_wconf 82' lang='lat' dir='ltr'>Pontifice,</span> <span class='ocrx_word' id='word_1_148' title='bbox 834 2494 1072 2539; x_wconf 90' lang='lat' dir='ltr'>Lindanum</span> <span class='ocrx_word' id='word_1_149' title='bbox 1116 2496 1159 2539; x_wconf 92' lang='lat' dir='ltr'>in</span> 
     </span>
     <span class='ocr_line' id='line_1_20' title="bbox 67 2581 1161 2645; baseline 0.002 -19"><span class='ocrx_word' id='word_1_150' title='bbox 67 2583 299 2641; x_wconf 89' lang='lat' dir='ltr'>Panoplia,</span> <span class='ocrx_word' id='word_1_151' title='bbox 334 2581 518 2626; x_wconf 90' lang='lat' dir='ltr'>Eckium</span> <span class='ocrx_word' id='word_1_152' title='bbox 552 2583 595 2626; x_wconf 90' lang='lat' dir='ltr'>in</span> <span class='ocrx_word' id='word_1_153' title='bbox 631 2581 901 2644; x_wconf 90' lang='lat' dir='ltr'>Enchiridio,</span> <span class='ocrx_word' id='word_1_154' title='bbox 939 2583 1161 2645; x_wconf 85' lang='lat' dir='ltr'>Stapleto-</span> 
     </span>
     <span class='ocr_line' id='line_1_21' title="bbox 65 2670 1157 2717; baseline 0.001 -2"><span class='ocrx_word' id='word_1_155' title='bbox 65 2684 164 2715; x_wconf 90' lang='lat' dir='ltr'>num</span> <span class='ocrx_word' id='word_1_156' title='bbox 197 2671 436 2716; x_wconf 89' lang='lat' dir='ltr'>Doctrinal.</span> <span class='ocrx_word' id='word_1_157' title='bbox 479 2671 571 2715; x_wconf 91' lang='lat' dir='ltr'>Fid.</span> <span class='ocrx_word' id='word_1_158' title='bbox 615 2670 708 2715; x_wconf 92' lang='lat' dir='ltr'>Lib.</span> <span class='ocrx_word' id='word_1_159' title='bbox 747 2670 819 2715; x_wconf 91' lang='lat' dir='ltr'>VI.</span> <span class='ocrx_word' id='word_1_160' title='bbox 858 2671 1068 2716; x_wconf 86' lang='lat' dir='ltr'>Controv.</span> <span class='ocrx_word' id='word_1_161' title='bbox 1104 2671 1157 2717; x_wconf 92' lang='lat'>11.</span> 
     </span>
     <span class='ocr_line' id='line_1_22' title="bbox 66 2757 1158 2818; baseline 0.004 -17"><span class='ocrx_word' id='word_1_162' title='bbox 66 2757 316 2802; x_wconf 90' lang='lat' dir='ltr'>Panvinium</span> <span class='ocrx_word' id='word_1_163' title='bbox 351 2759 405 2803; x_wconf 91' lang='lat' dir='ltr'>de</span> <span class='ocrx_word' id='word_1_164' title='bbox 434 2759 624 2803; x_wconf 87' lang='lat' dir='ltr'>Primatu</span> <span class='ocrx_word' id='word_1_165' title='bbox 659 2759 788 2818; x_wconf 92' lang='lat' dir='ltr'>Petri,</span> <span class='ocrx_word' id='word_1_166' title='bbox 826 2759 1078 2804; x_wconf 89' lang='lat' dir='ltr'>Caietanum</span> <span class='ocrx_word' id='word_1_167' title='bbox 1115 2761 1158 2805; x_wconf 91' lang='lat' dir='ltr'>in</span> 
     </span>
     <span class='ocr_line' id='line_1_23' title="bbox 69 2845 1161 2909; baseline 0.002 -18"><span class='ocrx_word' id='word_1_168' title='bbox 69 2845 308 2907; x_wconf 90' lang='lat' dir='ltr'>Opusculis,</span> <span class='ocrx_word' id='word_1_169' title='bbox 347 2847 568 2891; x_wconf 89' lang='lat' dir='ltr'>Canisium</span> <span class='ocrx_word' id='word_1_170' title='bbox 605 2848 649 2892; x_wconf 92' lang='lat' dir='ltr'>in</span> <span class='ocrx_word' id='word_1_171' title='bbox 682 2847 954 2909; x_wconf 83' lang='lat' dir='ltr'>Euchiridio,</span> <span class='ocrx_word' id='word_1_172' title='bbox 995 2849 1161 2893; x_wconf 88' lang='lat' dir='ltr'>Maldo-</span> 
     </span>
     <span class='ocr_line' id='line_1_24' title="bbox 72 2935 1161 2998; baseline 0.004 -20"><span class='ocrx_word' id='word_1_173' title='bbox 72 2940 218 2979; x_wconf 89' lang='lat' dir='ltr'>natum</span> <span class='ocrx_word' id='word_1_174' title='bbox 265 2936 320 2980; x_wconf 89' lang='lat' dir='ltr'>ad</span> <span class='ocrx_word' id='word_1_175' title='bbox 354 2936 503 2980; x_wconf 82' lang='lat' dir='ltr'>Matth.</span> <span class='ocrx_word' id='word_1_176' title='bbox 539 2935 655 2980; x_wconf 90' lang='lat' dir='ltr'>XVI.</span> <span class='ocrx_word' id='word_1_177' title='bbox 693 2941 737 2980; x_wconf 85' lang='lat' dir='ltr'>et</span> <span class='ocrx_word' id='word_1_178' title='bbox 770 2935 872 2982; x_wconf 84' lang='lat' dir='ltr'>Joh.</span> <span class='ocrx_word' id='word_1_179' title='bbox 909 2936 1047 2998; x_wconf 93' lang='lat' dir='ltr'>XXI.,</span> <span class='ocrx_word' id='word_1_180' title='bbox 1095 2937 1161 2982; x_wconf 91' lang='lat' dir='ltr'>Pi-</span> 
     </span>
     <span class='ocr_line' id='line_1_25' title="bbox 73 3022 1159 3086; baseline 0.005 -21"><span class='ocrx_word' id='word_1_181' title='bbox 73 3022 218 3078; x_wconf 87' lang='lat' dir='ltr'>ghium</span> <span class='ocrx_word' id='word_1_182' title='bbox 237 3023 289 3068; x_wconf 90' lang='lat' dir='ltr'>de</span> <span class='ocrx_word' id='word_1_183' title='bbox 308 3023 565 3069; x_wconf 88' lang='lat' dir='ltr'>Ecclesiast.</span> <span class='ocrx_word' id='word_1_184' title='bbox 595 3025 863 3086; x_wconf 75' lang='lat' dir='ltr'>Hier-archia,</span> <span class='ocrx_word' id='word_1_185' title='bbox 876 3025 1159 3084; x_wconf 87' lang='lat' dir='ltr'>Campegium</span> 
     </span>
     <span class='ocr_line' id='line_1_26' title="bbox 74 3108 1160 3172; baseline 0.006 -20"><span class='ocrx_word' id='word_1_186' title='bbox 74 3109 128 3153; x_wconf 89' lang='lat' dir='ltr'>de</span> <span class='ocrx_word' id='word_1_187' title='bbox 162 3108 382 3157; x_wconf 86' lang='lat' dir='ltr'>Potestate</span> <span class='ocrx_word' id='word_1_188' title='bbox 415 3113 598 3158; x_wconf 89' lang='lat' dir='ltr'>Romani</span> <span class='ocrx_word' id='word_1_189' title='bbox 632 3113 881 3172; x_wconf 89' lang='lat' dir='ltr'>Pontificis,</span> <span class='ocrx_word' id='word_1_190' title='bbox 918 3113 1160 3158; x_wconf 88' lang='lat' dir='ltr'>Sanderum</span> 
     </span>
     <span class='ocr_line' id='line_1_27' title="bbox 73 3196 1160 3262; baseline 0.006 -22"><span class='ocrx_word' id='word_1_191' title='bbox 73 3196 128 3240; x_wconf 93' lang='lat' dir='ltr'>de</span> <span class='ocrx_word' id='word_1_192' title='bbox 162 3197 332 3244; x_wconf 90' lang='lat' dir='ltr'>Visihili</span> <span class='ocrx_word' id='word_1_193' title='bbox 364 3201 590 3246; x_wconf 86' lang='lat' dir='ltr'>Ecclesiae</span> <span class='ocrx_word' id='word_1_194' title='bbox 606 3198 872 3262; x_wconf 75' lang='lat' dir='ltr'>Menai-chia,</span> <span class='ocrx_word' id='word_1_195' title='bbox 908 3201 1160 3246; x_wconf 88' lang='lat' dir='ltr'>Perronium</span> 
     </span>
     <span class='ocr_line' id='line_1_28' title="bbox 76 3284 1159 3350; baseline 0.007 -24"><span class='ocrx_word' id='word_1_196' title='bbox 76 3284 119 3327; x_wconf 91' lang='lat' dir='ltr'>in</span> <span class='ocrx_word' id='word_1_197' title='bbox 152 3284 358 3343; x_wconf 89' lang='lat' dir='ltr'>Respons.</span> <span class='ocrx_word' id='word_1_198' title='bbox 406 3289 461 3334; x_wconf 91' lang='lat' dir='ltr'>ad</span> <span class='ocrx_word' id='word_1_199' title='bbox 499 3289 715 3334; x_wconf 85' lang='lat' dir='ltr'>Jacobum</span> <span class='ocrx_word' id='word_1_200' title='bbox 761 3288 949 3346; x_wconf 87' lang='lat' dir='ltr'>Angliae</span> <span class='ocrx_word' id='word_1_201' title='bbox 994 3304 1159 3350; x_wconf 86' lang='lat' dir='ltr'>regem,</span> 
     </span>
     <span class='ocr_line' id='line_1_29' title="bbox 10 3370 1164 3437; baseline 0.008 -24"><span class='ocrx_word' id='word_1_202' title='bbox 10 3429 15 3435; x_wconf 29' lang='grc'>,</span> <span class='ocrx_word' id='word_1_203' title='bbox 77 3370 290 3416; x_wconf 87' lang='lat' dir='ltr'>Cotonum</span> <span class='ocrx_word' id='word_1_204' title='bbox 330 3376 374 3419; x_wconf 92' lang='lat' dir='ltr'>in</span> <span class='ocrx_word' id='word_1_205' title='bbox 419 3375 643 3421; x_wconf 91' lang='lat' dir='ltr'>Catholica</span> <span class='ocrx_word' id='word_1_206' title='bbox 690 3376 988 3437; x_wconf 82' lang='lat' dir='ltr'>Institutione,</span> <span class='ocrx_word' id='word_1_207' title='bbox 1035 3377 1164 3422; x_wconf 82' lang='lat' dir='ltr'>Coef-</span> 
     </span>
     <span class='ocr_line' id='line_1_30' title="bbox 76 3457 1164 3510; baseline 0.009 -10"><span class='ocrx_word' id='word_1_208' title='bbox 76 3457 219 3502; x_wconf 82' lang='lat' dir='ltr'>feteau</span> <span class='ocrx_word' id='word_1_209' title='bbox 261 3465 408 3506; x_wconf 81' lang='lat' dir='ltr'>contra</span> <span class='ocrx_word' id='word_1_210' title='bbox 450 3463 638 3509; x_wconf 88' lang='lat' dir='ltr'>Marcum</span> <span class='ocrx_word' id='word_1_211' title='bbox 686 3464 923 3510; x_wconf 90' lang='lat' dir='ltr'>Antonium</span> <span class='ocrx_word' id='word_1_212' title='bbox 975 3465 1030 3509; x_wconf 91' lang='lat' dir='ltr'>de</span> <span class='ocrx_word' id='word_1_213' title='bbox 1075 3465 1164 3510; x_wconf 91' lang='lat' dir='ltr'>Do-</span> 
     </span>
     <span class='ocr_line' id='line_1_31' title="bbox 77 3545 1165 3612; baseline 0.008 -23"><span class='ocrx_word' id='word_1_214' title='bbox 77 3545 229 3606; x_wconf 84' lang='lat' dir='ltr'>miniS,</span> <span class='ocrx_word' id='word_1_215' title='bbox 274 3547 460 3594; x_wconf 87' lang='lat' dir='ltr'>Du-Val</span> <span class='ocrx_word' id='word_1_216' title='bbox 504 3552 559 3597; x_wconf 93' lang='lat' dir='ltr'>de</span> <span class='ocrx_word' id='word_1_217' title='bbox 601 3565 802 3612; x_wconf 89' lang='lat' dir='ltr'>suprema</span> <span class='ocrx_word' id='word_1_218' title='bbox 837 3554 1018 3598; x_wconf 86' lang='lat' dir='ltr'>Romani</span> <span class='ocrx_word' id='word_1_219' title='bbox 1054 3553 1165 3598; x_wconf 91' lang='lat' dir='ltr'>Pon-</span> 
     </span>
     <span class='ocr_line' id='line_1_32' title="bbox 78 3633 1164 3700; baseline 0.009 -24"><span class='ocrx_word' id='word_1_220' title='bbox 78 3633 205 3677; x_wconf 85' lang='lat' dir='ltr'>tificis</span> <span class='ocrx_word' id='word_1_221' title='bbox 242 3636 528 3700; x_wconf 85' lang='lat' dir='ltr'>auctoritate,</span> <span class='ocrx_word' id='word_1_222' title='bbox 572 3639 836 3699; x_wconf 87' lang='lat' dir='ltr'>Gregorium</span> <span class='ocrx_word' id='word_1_223' title='bbox 871 3642 925 3686; x_wconf 90' lang='lat' dir='ltr'>de</span> <span class='ocrx_word' id='word_1_224' title='bbox 961 3641 1164 3687; x_wconf 88' lang='lat' dir='ltr'>Valentia</span> 
     </span>
     <span class='ocr_line' id='line_1_33' title="bbox 77 3718 1164 3789; baseline 0.012 -27"><span class='ocrx_word' id='word_1_225' title='bbox 77 3718 120 3762; x_wconf 89' lang='lat' dir='ltr'>iu</span> <span class='ocrx_word' id='word_1_226' title='bbox 153 3719 434 3768; x_wconf 83' lang='lat' dir='ltr'>Resolutione</span> <span class='ocrx_word' id='word_1_227' title='bbox 465 3723 599 3789; x_wconf 87' lang='lat' dir='ltr'>Fidei,</span> <span class='ocrx_word' id='word_1_228' title='bbox 621 3724 867 3776; x_wconf 56' lang='lat' dir='ltr'>&#39;Boverium</span> <span class='ocrx_word' id='word_1_229' title='bbox 904 3730 947 3775; x_wconf 92' lang='lat' dir='ltr'>in</span> <span class='ocrx_word' id='word_1_230' title='bbox 973 3730 1164 3778; x_wconf 89' lang='lat' dir='ltr'>Demon—</span> 
     </span>
     <span class='ocr_line' id='line_1_34' title="bbox 77 3808 1163 3874; baseline 0.013 -24"><span class='ocrx_word' id='word_1_231' title='bbox 77 3808 285 3854; x_wconf 88' lang='lat' dir='ltr'>stratione</span> <span class='ocrx_word' id='word_1_232' title='bbox 339 3810 488 3874; x_wconf 89' lang='lat' dir='ltr'>Fidei,</span> <span class='ocrx_word' id='word_1_233' title='bbox 569 3812 832 3864; x_wconf 78' lang='lat' dir='ltr'>Gautierium</span> <span class='ocrx_word' id='word_1_234' title='bbox 887 3820 929 3863; x_wconf 92' lang='lat' dir='ltr'>in</span> <span class='ocrx_word' id='word_1_235' title='bbox 988 3818 1163 3864; x_wconf 85' lang='lat' dir='ltr'>Tabulis</span> 
     </span>
     <span class='ocr_line' id='line_1_35' title="bbox 28 3891 1166 3961; baseline 0.015 -26"><span class='ocrx_word' id='word_1_236' title='bbox 28 3952 34 3961; x_wconf 77' lang='lat'>.</span> <span class='ocrx_word' id='word_1_237' title='bbox 78 3891 492 3961; x_wconf 77' lang='lat' dir='ltr'>chronographicis,</span> <span class='ocrx_word' id='word_1_238' title='bbox 530 3900 706 3951; x_wconf 74' lang='lat' dir='ltr'>Caluum</span> <span class='ocrx_word' id='word_1_239' title='bbox 740 3907 795 3953; x_wconf 90' lang='lat' dir='ltr'>de</span> <span class='ocrx_word' id='word_1_240' title='bbox 815 3907 1004 3952; x_wconf 88' lang='lat' dir='ltr'>Primatu</span> <span class='ocrx_word' id='word_1_241' title='bbox 1030 3921 1065 3951; x_wconf 88' lang='lat' dir='ltr'>s.</span> <span class='ocrx_word' id='word_1_242' title='bbox 1087 3907 1166 3951; x_wconf 84' lang='lat' dir='ltr'>Pe-</span> 
     </span>
     <span class='ocr_line' id='line_1_36' title="bbox 78 3979 1162 4051; baseline 0.014 -27"><span class='ocrx_word' id='word_1_243' title='bbox 78 3979 155 4040; x_wconf 87' lang='lat' dir='ltr'>tri,</span> <span class='ocrx_word' id='word_1_244' title='bbox 192 3988 235 4028; x_wconf 89' lang='lat' dir='ltr'>et</span> <span class='ocrx_word' id='word_1_245' title='bbox 267 3983 580 4051; x_wconf 82' lang='lat' dir='ltr'>KempeneerS,</span> <span class='ocrx_word' id='word_1_246' title='bbox 623 3994 695 4050; x_wconf 92' lang='lat' dir='ltr'>qui</span> <span class='ocrx_word' id='word_1_247' title='bbox 728 3995 772 4039; x_wconf 87' lang='lat' dir='ltr'>in</span> <span class='ocrx_word' id='word_1_248' title='bbox 807 3995 913 4040; x_wconf 91' lang='lat' dir='ltr'>diss.</span> <span class='ocrx_word' id='word_1_249' title='bbox 951 3995 1004 4040; x_wconf 89' lang='lat' dir='ltr'>de</span> <span class='ocrx_word' id='word_1_250' title='bbox 1038 3995 1162 4039; x_wconf 89' lang='lat' dir='ltr'>Rom.</span> 
     </span>
     <span class='ocr_line' id='line_1_37' title="bbox 78 4066 1164 4144; baseline 0.015 -32"><span class='ocrx_word' id='word_1_251' title='bbox 78 4066 295 4116; x_wconf 82' lang='lat' dir='ltr'>Pontificis</span> <span class='ocrx_word' id='word_1_252' title='bbox 339 4076 525 4133; x_wconf 88' lang='lat' dir='ltr'>primatu</span> <span class='ocrx_word' id='word_1_253' title='bbox 569 4080 819 4140; x_wconf 86' lang='lat' dir='ltr'>catalogum</span> <span class='ocrx_word' id='word_1_254' title='bbox 854 4084 963 4129; x_wconf 82' lang='lat' dir='ltr'>texit</span> <span class='ocrx_word' id='word_1_255' title='bbox 997 4096 1164 4144; x_wconf 88' lang='lat' dir='ltr'>eorum,</span> 
     </span>
    </p>
   </div>
   <div class='ocr_carea' id='block_1_7' title="bbox 161 4171 676 4220">
    <p class='ocr_par' dir='ltr' id='par_1_7' title="bbox 161 4171 676 4220">
     <span class='ocr_line' id='line_1_38' title="bbox 161 4171 676 4220; baseline 0.016 -14"><span class='ocrx_word' id='word_1_256' title='bbox 161 4171 364 4220; x_wconf 78' lang='lat' dir='ltr'>Passaglia‚</span> <span class='ocrx_word' id='word_1_257' title='bbox 390 4182 676 4214; x_wconf 74' lang='lat' dir='ltr'>commentarius.</span> 
     </span>
    </p>
   </div>
   <div class='ocr_carea' id='block_1_8' title="bbox 1240 2050 2349 4132">
    <p class='ocr_par' dir='ltr' id='par_1_8' title="bbox 1240 2050 2342 2184">
     <span class='ocr_line' id='line_1_39' title="bbox 1241 2050 2342 2109; baseline -0.003 -13"><span class='ocrx_word' id='word_1_258' title='bbox 1241 2052 1314 2109; x_wconf 93' lang='lat' dir='ltr'>qui</span> <span class='ocrx_word' id='word_1_259' title='bbox 1359 2052 1471 2095; x_wconf 89' lang='lat' dir='ltr'>hanc</span> <span class='ocrx_word' id='word_1_260' title='bbox 1514 2050 1866 2096; x_wconf 87' lang='lat' dir='ltr'>controversiam</span> <span class='ocrx_word' id='word_1_261' title='bbox 1909 2050 2146 2094; x_wconf 88' lang='lat' dir='ltr'>recentiori</span> <span class='ocrx_word' id='word_1_262' title='bbox 2196 2053 2342 2094; x_wconf 87' lang='lat' dir='ltr'>aetate</span> 
     </span>
     <span class='ocr_line' id='line_1_40' title="bbox 1240 2140 1786 2184; baseline -0.004 0"><span class='ocrx_word' id='word_1_263' title='bbox 1240 2140 1494 2184; x_wconf 89' lang='lat' dir='ltr'>luculentius</span> <span class='ocrx_word' id='word_1_264' title='bbox 1530 2140 1786 2184; x_wconf 85' lang='lat' dir='ltr'>habuerunt.</span> 
     </span>
    </p>

    <p class='ocr_par' dir='ltr' id='par_1_9' title="bbox 1241 2226 2346 2908">
     <span class='ocr_line' id='line_1_41' title="bbox 1350 2226 2345 2287; baseline 0 -15"><span class='ocrx_word' id='word_1_265' title='bbox 1350 2228 1399 2287; x_wconf 76' lang='lat'>²)</span> <span class='ocrx_word' id='word_1_266' title='bbox 1432 2228 1599 2273; x_wconf 91' lang='lat' dir='ltr'>Nullum</span> <span class='ocrx_word' id='word_1_267' title='bbox 1632 2233 1700 2272; x_wconf 90' lang='lat' dir='ltr'>est</span> <span class='ocrx_word' id='word_1_268' title='bbox 1720 2226 1989 2287; x_wconf 87' lang='lat' dir='ltr'>theologiae,</span> <span class='ocrx_word' id='word_1_269' title='bbox 2025 2226 2185 2271; x_wconf 90' lang='lat' dir='ltr'>nullum</span> <span class='ocrx_word' id='word_1_270' title='bbox 2201 2227 2345 2286; x_wconf 90' lang='lat' dir='ltr'>philo-</span> 
     </span>
     <span class='ocr_line' id='line_1_42' title="bbox 1243 2316 2340 2378; baseline -0.002 -16"><span class='ocrx_word' id='word_1_271' title='bbox 1243 2317 1452 2378; x_wconf 90' lang='lat' dir='ltr'>sophiae,</span> <span class='ocrx_word' id='word_1_272' title='bbox 1499 2317 1735 2378; x_wconf 88' lang='lat' dir='ltr'>historiae,</span> <span class='ocrx_word' id='word_1_273' title='bbox 1781 2316 2101 2376; x_wconf 55' lang='lat' dir='ltr'>philologiae,</span> <span class='ocrx_word' id='word_1_274' title='bbox 2136 2316 2340 2378; x_wconf 88' lang='lat' dir='ltr'>criticae,</span> 
     </span>
     <span class='ocr_line' id='line_1_43' title="bbox 1244 2395 2343 2467; baseline 0 -17"><span class='ocrx_word' id='word_1_275' title='bbox 1244 2395 1611 2467; x_wconf 86' lang='lat' dir='ltr'>archaeologiae,</span> <span class='ocrx_word' id='word_1_276' title='bbox 1660 2405 1985 2466; x_wconf 87' lang='lat' dir='ltr'>geographiae,</span> <span class='ocrx_word' id='word_1_277' title='bbox 2021 2406 2343 2463; x_wconf 85' lang='lat' dir='ltr'>chronologiae</span> 
     </span>
     <span class='ocr_line' id='line_1_44' title="bbox 1242 2494 2342 2555; baseline 0 -17"><span class='ocrx_word' id='word_1_278' title='bbox 1242 2500 1386 2555; x_wconf 87' lang='lat' dir='ltr'>caput,</span> <span class='ocrx_word' id='word_1_279' title='bbox 1424 2495 1542 2554; x_wconf 91' lang='lat' dir='ltr'>quod</span> <span class='ocrx_word' id='word_1_280' title='bbox 1577 2495 1756 2539; x_wconf 87' lang='lat' dir='ltr'>alicuius</span> <span class='ocrx_word' id='word_1_281' title='bbox 1793 2494 2003 2539; x_wconf 90' lang='lat' dir='ltr'>momenti</span> <span class='ocrx_word' id='word_1_282' title='bbox 2031 2495 2100 2554; x_wconf 88' lang='lat' dir='ltr'>sit,</span> <span class='ocrx_word' id='word_1_283' title='bbox 2139 2494 2342 2552; x_wconf 92' lang='lat' dir='ltr'>quodque</span> 
     </span>
     <span class='ocr_line' id='line_1_45' title="bbox 1241 2583 2346 2642; baseline 0.002 -16"><span class='ocrx_word' id='word_1_284' title='bbox 1241 2584 1426 2640; x_wconf 91' lang='lat' dir='ltr'>singulis</span> <span class='ocrx_word' id='word_1_285' title='bbox 1482 2583 1697 2628; x_wconf 88' lang='lat' dir='ltr'>aetatibus</span> <span class='ocrx_word' id='word_1_286' title='bbox 1749 2583 1893 2642; x_wconf 88' lang='lat' dir='ltr'>plures</span> <span class='ocrx_word' id='word_1_287' title='bbox 1944 2596 2034 2627; x_wconf 91' lang='lat' dir='ltr'>non</span> <span class='ocrx_word' id='word_1_288' title='bbox 2078 2583 2222 2628; x_wconf 91' lang='lat' dir='ltr'>denuo</span> <span class='ocrx_word' id='word_1_289' title='bbox 2269 2597 2346 2628; x_wconf 88' lang='lat' dir='ltr'>ex-</span> 
     </span>
     <span class='ocr_line' id='line_1_46' title="bbox 1241 2671 2341 2732; baseline 0 -17"><span class='ocrx_word' id='word_1_290' title='bbox 1241 2672 1504 2732; x_wconf 86' lang='lat' dir='ltr'>penderint,</span> <span class='ocrx_word' id='word_1_291' title='bbox 1558 2684 1765 2730; x_wconf 89' lang='lat' dir='ltr'>novoque</span> <span class='ocrx_word' id='word_1_292' title='bbox 1817 2671 2008 2716; x_wconf 90' lang='lat' dir='ltr'>examini</span> <span class='ocrx_word' id='word_1_293' title='bbox 2062 2672 2341 2717; x_wconf 87' lang='lat' dir='ltr'>subiecerint.</span> 
     </span>
     <span class='ocr_line' id='line_1_47' title="bbox 1241 2759 2342 2820; baseline 0.001 -17"><span class='ocrx_word' id='word_1_294' title='bbox 1241 2759 1464 2818; x_wconf 88' lang='lat' dir='ltr'>Exemplis</span> <span class='ocrx_word' id='word_1_295' title='bbox 1505 2772 1594 2805; x_wconf 91' lang='lat' dir='ltr'>non</span> <span class='ocrx_word' id='word_1_296' title='bbox 1640 2766 1762 2820; x_wconf 91' lang='lat' dir='ltr'>utor,</span> <span class='ocrx_word' id='word_1_297' title='bbox 1817 2766 1885 2805; x_wconf 86' lang='lat' dir='ltr'>est</span> <span class='ocrx_word' id='word_1_298' title='bbox 1929 2761 2043 2804; x_wconf 88' lang='lat' dir='ltr'>enim</span> <span class='ocrx_word' id='word_1_299' title='bbox 2089 2760 2135 2805; x_wconf 92' lang='lat' dir='ltr'>id</span> <span class='ocrx_word' id='word_1_300' title='bbox 2176 2761 2342 2820; x_wconf 85' lang='lat' dir='ltr'>notius,</span> 
     </span>
     <span class='ocr_line' id='line_1_48' title="bbox 1242 2849 2197 2908; baseline 0.002 -17"><span class='ocrx_word' id='word_1_301' title='bbox 1242 2861 1371 2905; x_wconf 90' lang='lat' dir='ltr'>quam</span> <span class='ocrx_word' id='word_1_302' title='bbox 1406 2854 1453 2892; x_wconf 93' lang='lat' dir='ltr'>ut</span> <span class='ocrx_word' id='word_1_303' title='bbox 1486 2849 1736 2893; x_wconf 85' lang='lat' dir='ltr'>confirmari</span> <span class='ocrx_word' id='word_1_304' title='bbox 1772 2849 1987 2908; x_wconf 86' lang='lat' dir='ltr'>exemplis</span> <span class='ocrx_word' id='word_1_305' title='bbox 2023 2849 2197 2894; x_wconf 84' lang='lat' dir='ltr'>debeat.</span> 
     </span>
    </p>

    <p class='ocr_par' dir='ltr' id='par_1_10' title="bbox 1243 2934 2349 4132">
     <span class='ocr_line' id='line_1_49' title="bbox 1350 2934 2345 2996; baseline 0.002 -16"><span class='ocrx_word' id='word_1_306' title='bbox 1350 2934 1396 2996; x_wconf 84' lang='lat'>³)</span> <span class='ocrx_word' id='word_1_307' title='bbox 1440 2936 1505 2980; x_wconf 91' lang='lat' dir='ltr'>De</span> <span class='ocrx_word' id='word_1_308' title='bbox 1552 2937 1701 2983; x_wconf 87' lang='lat' dir='ltr'>Trinit.</span> <span class='ocrx_word' id='word_1_309' title='bbox 1745 2937 1821 2982; x_wconf 92' lang='lat' dir='ltr'>lib.</span> <span class='ocrx_word' id='word_1_310' title='bbox 1866 2939 1899 2983; x_wconf 92' lang='lat'>1.</span> <span class='ocrx_word' id='word_1_311' title='bbox 1951 2951 2046 2996; x_wconf 89' lang='lat' dir='ltr'>cap.</span> <span class='ocrx_word' id='word_1_312' title='bbox 2082 2937 2154 2982; x_wconf 91' lang='lat'>111.</span> <span class='ocrx_word' id='word_1_313' title='bbox 2198 2952 2240 2982; x_wconf 90' lang='lat' dir='ltr'>n.</span> <span class='ocrx_word' id='word_1_314' title='bbox 2288 2940 2345 2983; x_wconf 85' lang='lat'>5:</span> 
     </span>
     <span class='ocr_line' id='line_1_50' title="bbox 1243 3023 2346 3087; baseline 0.004 -21"><span class='ocrx_word' id='word_1_315' title='bbox 1243 3023 1371 3083; x_wconf 92' lang='lat' dir='ltr'>„Non</span> <span class='ocrx_word' id='word_1_316' title='bbox 1423 3030 1568 3070; x_wconf 91' lang='lat' dir='ltr'>tamen</span> <span class='ocrx_word' id='word_1_317' title='bbox 1610 3032 1846 3085; x_wconf 86' lang='lat' dir='ltr'>propterea</span> <span class='ocrx_word' id='word_1_318' title='bbox 1890 3025 2076 3087; x_wconf 90' lang='lat' dir='ltr'>(lector)</span> <span class='ocrx_word' id='word_1_319' title='bbox 2119 3032 2242 3085; x_wconf 84' lang='lat' dir='ltr'>putet</span> <span class='ocrx_word' id='word_1_320' title='bbox 2277 3040 2346 3070; x_wconf 90' lang='lat' dir='ltr'>me</span> 
     </span>
     <span class='ocr_line' id='line_1_51' title="bbox 1244 3113 2346 3176; baseline 0.002 -20"><span class='ocrx_word' id='word_1_321' title='bbox 1244 3117 1389 3156; x_wconf 86' lang='lat' dir='ltr'>tacere</span> <span class='ocrx_word' id='word_1_322' title='bbox 1434 3113 1665 3176; x_wconf 87' lang='lat' dir='ltr'>debuisse,</span> <span class='ocrx_word' id='word_1_323' title='bbox 1719 3116 1820 3174; x_wconf 90' lang='lat' dir='ltr'>quia</span> <span class='ocrx_word' id='word_1_324' title='bbox 1866 3128 1954 3160; x_wconf 90' lang='lat' dir='ltr'>non</span> <span class='ocrx_word' id='word_1_325' title='bbox 2001 3122 2090 3161; x_wconf 89' lang='lat' dir='ltr'>tam</span> <span class='ocrx_word' id='word_1_326' title='bbox 2138 3114 2346 3173; x_wconf 86' lang='lat' dir='ltr'>expedite</span> 
     </span>
     <span class='ocr_line' id='line_1_52' title="bbox 1245 3200 2348 3263; baseline 0.003 -20"><span class='ocrx_word' id='word_1_327' title='bbox 1245 3214 1296 3244; x_wconf 92' lang='lat' dir='ltr'>ac</span> <span class='ocrx_word' id='word_1_328' title='bbox 1331 3200 1519 3246; x_wconf 89' lang='lat' dir='ltr'>dilucide</span> <span class='ocrx_word' id='word_1_329' title='bbox 1564 3217 1692 3262; x_wconf 88' lang='lat' dir='ltr'>quam</span> <span class='ocrx_word' id='word_1_330' title='bbox 1738 3205 1800 3250; x_wconf 93' lang='lat' dir='ltr'>illi</span> <span class='ocrx_word' id='word_1_331' title='bbox 1835 3217 1946 3263; x_wconf 90' lang='lat' dir='ltr'>quos</span> <span class='ocrx_word' id='word_1_332' title='bbox 1984 3204 2218 3263; x_wconf 80' lang='lat' dir='ltr'>intelligit,</span> <span class='ocrx_word' id='word_1_333' title='bbox 2255 3202 2348 3247; x_wconf 90' lang='lat' dir='ltr'>elo-</span> 
     </span>
     <span class='ocr_line' id='line_1_53' title="bbox 1246 3264 2345 3351; baseline 0.001 -18"><span class='ocrx_word' id='word_1_334' title='bbox 1246 3290 1317 3347; x_wconf 93' lang='lat' dir='ltr'>qui</span> <span class='ocrx_word' id='word_1_335' title='bbox 1365 3292 1504 3348; x_wconf 88' lang='lat' dir='ltr'>potui.</span> <span class='ocrx_word' id='word_1_336' title='bbox 1583 3264 1893 3351; x_wconf 51' lang='lat' dir='ltr'>Neque·enim</span> <span class='ocrx_word' id='word_1_337' title='bbox 1939 3294 2084 3337; x_wconf 88' lang='lat' dir='ltr'>omnia</span> <span class='ocrx_word' id='word_1_338' title='bbox 2133 3305 2243 3350; x_wconf 89' lang='lat' dir='ltr'>quae</span> <span class='ocrx_word' id='word_1_339' title='bbox 2290 3290 2345 3335; x_wconf 87' lang='lat' dir='ltr'>ab</span> 
     </span>
     <span class='ocr_line' id='line_1_54' title="bbox 1247 3378 2348 3443; baseline 0.002 -22"><span class='ocrx_word' id='word_1_340' title='bbox 1247 3378 1449 3422; x_wconf 91' lang='lat' dir='ltr'>omnibus</span> <span class='ocrx_word' id='word_1_341' title='bbox 1484 3381 1842 3443; x_wconf 86' lang='lat' dir='ltr'>conscribuntur,</span> <span class='ocrx_word' id='word_1_342' title='bbox 1887 3384 1931 3427; x_wconf 90' lang='lat' dir='ltr'>in</span> <span class='ocrx_word' id='word_1_343' title='bbox 1967 3382 2160 3427; x_wconf 89' lang='lat' dir='ltr'>omnium</span> <span class='ocrx_word' id='word_1_344' title='bbox 2198 3393 2348 3423; x_wconf 88' lang='lat' dir='ltr'>manus</span> 
     </span>
     <span class='ocr_line' id='line_1_55' title="bbox 1245 3467 2348 3530; baseline 0.002 -20"><span class='ocrx_word' id='word_1_345' title='bbox 1245 3468 1447 3529; x_wconf 67' lang='lat' dir='ltr'>veniunt,</span> <span class='ocrx_word' id='word_1_346' title='bbox 1502 3474 1545 3514; x_wconf 90' lang='lat' dir='ltr'>et</span> <span class='ocrx_word' id='word_1_347' title='bbox 1588 3470 1682 3515; x_wconf 87' lang='lat' dir='ltr'>fieri</span> <span class='ocrx_word' id='word_1_348' title='bbox 1726 3475 1895 3530; x_wconf 88' lang='lat' dir='ltr'>potest,</span> <span class='ocrx_word' id='word_1_349' title='bbox 1949 3475 1996 3515; x_wconf 83' lang='lat' dir='ltr'>ut</span> <span class='ocrx_word' id='word_1_350' title='bbox 2037 3467 2234 3528; x_wconf 81' lang='lat' dir='ltr'>nonnulli</span> <span class='ocrx_word' id='word_1_351' title='bbox 2275 3469 2348 3526; x_wconf 87' lang='lat' dir='ltr'>qui</span> 
     </span>
     <span class='ocr_line' id='line_1_56' title="bbox 1246 3534 2348 3616; baseline 0.001 -17"><span class='ocrx_word' id='word_1_352' title='bbox 1246 3534 1378 3600; x_wconf 82' lang='lat' dir='ltr'>etiam</span> <span class='ocrx_word' id='word_1_353' title='bbox 1412 3555 1521 3600; x_wconf 89' lang='lat' dir='ltr'>haec</span> <span class='ocrx_word' id='word_1_354' title='bbox 1566 3564 1716 3603; x_wconf 88' lang='lat' dir='ltr'>nostra</span> <span class='ocrx_word' id='word_1_355' title='bbox 1761 3558 2006 3614; x_wconf 88' lang='lat' dir='ltr'>intelligere</span> <span class='ocrx_word' id='word_1_356' title='bbox 2039 3556 2209 3616; x_wconf 88' lang='lat' dir='ltr'>valent,</span> <span class='ocrx_word' id='word_1_357' title='bbox 2246 3555 2348 3600; x_wconf 90' lang='lat' dir='ltr'>illos</span> 
     </span>
     <span class='ocr_line' id='line_1_57' title="bbox 1244 3643 2348 3703; baseline 0.001 -15"><span class='ocrx_word' id='word_1_358' title='bbox 1244 3643 1468 3702; x_wconf 88' lang='lat' dir='ltr'>planiores</span> <span class='ocrx_word' id='word_1_359' title='bbox 1503 3657 1592 3690; x_wconf 90' lang='lat' dir='ltr'>non</span> <span class='ocrx_word' id='word_1_360' title='bbox 1626 3647 1850 3691; x_wconf 85' lang='lat' dir='ltr'>inveniant</span> <span class='ocrx_word' id='word_1_361' title='bbox 1883 3645 2041 3703; x_wconf 89' lang='lat' dir='ltr'>libros,</span> <span class='ocrx_word' id='word_1_362' title='bbox 2079 3651 2124 3690; x_wconf 88' lang='lat' dir='ltr'>et</span> <span class='ocrx_word' id='word_1_363' title='bbox 2156 3647 2200 3690; x_wconf 88' lang='lat' dir='ltr'>in</span> <span class='ocrx_word' id='word_1_364' title='bbox 2235 3646 2348 3690; x_wconf 91' lang='lat' dir='ltr'>istos</span> 
     </span>
     <span class='ocr_line' id='line_1_58' title="bbox 1245 3733 2347 3794; baseline 0 -17"><span class='ocrx_word' id='word_1_365' title='bbox 1245 3735 1402 3779; x_wconf 88' lang='lat' dir='ltr'>saltem</span> <span class='ocrx_word' id='word_1_366' title='bbox 1438 3734 1644 3780; x_wconf 88' lang='lat' dir='ltr'>incidant.</span> <span class='ocrx_word' id='word_1_367' title='bbox 1713 3733 1905 3792; x_wconf 90' lang='lat' dir='ltr'>Ideoque</span> <span class='ocrx_word' id='word_1_368' title='bbox 1940 3734 2045 3779; x_wconf 86' lang='lat' dir='ltr'>utile</span> <span class='ocrx_word' id='word_1_369' title='bbox 2081 3739 2165 3794; x_wconf 87' lang='lat' dir='ltr'>est,</span> <span class='ocrx_word' id='word_1_370' title='bbox 2201 3734 2347 3792; x_wconf 90' lang='lat' dir='ltr'>plures</span> 
     </span>
     <span class='ocr_line' id='line_1_59' title="bbox 1247 3822 2349 3884; baseline 0 -18"><span class='ocrx_word' id='word_1_371' title='bbox 1247 3836 1271 3866; x_wconf 93' lang='lat' dir='ltr'>a</span> <span class='ocrx_word' id='word_1_372' title='bbox 1305 3823 1498 3881; x_wconf 92' lang='lat' dir='ltr'>pluribus</span> <span class='ocrx_word' id='word_1_373' title='bbox 1534 3823 1628 3868; x_wconf 88' lang='lat' dir='ltr'>fieri</span> <span class='ocrx_word' id='word_1_374' title='bbox 1660 3822 1841 3868; x_wconf 87' lang='lat' dir='ltr'>diverso</span> <span class='ocrx_word' id='word_1_375' title='bbox 1877 3824 2004 3884; x_wconf 90' lang='lat' dir='ltr'>stilo,</span> <span class='ocrx_word' id='word_1_376' title='bbox 2048 3836 2138 3868; x_wconf 91' lang='lat' dir='ltr'>non</span> <span class='ocrx_word' id='word_1_377' title='bbox 2174 3823 2349 3867; x_wconf 88' lang='lat' dir='ltr'>diversa</span> 
     </span>
     <span class='ocr_line' id='line_1_60' title="bbox 1246 3894 2349 3971; baseline -0.001 -17"><span class='ocrx_word' id='word_1_378' title='bbox 1246 3910 1346 3970; x_wconf 81' lang='lat' dir='ltr'>fide,</span> <span class='ocrx_word' id='word_1_379' title='bbox 1385 3894 1518 3955; x_wconf 79' lang='lat' dir='ltr'>etiam</span> <span class='ocrx_word' id='word_1_380' title='bbox 1554 3911 1608 3955; x_wconf 90' lang='lat' dir='ltr'>de</span> <span class='ocrx_word' id='word_1_381' title='bbox 1644 3911 1977 3969; x_wconf 89' lang='lat' dir='ltr'>quaestionibus</span> <span class='ocrx_word' id='word_1_382' title='bbox 2007 3911 2190 3971; x_wconf 90' lang='lat' dir='ltr'>eisdem,</span> <span class='ocrx_word' id='word_1_383' title='bbox 2228 3916 2274 3955; x_wconf 87' lang='lat' dir='ltr'>ut</span> <span class='ocrx_word' id='word_1_384' title='bbox 2294 3909 2349 3953; x_wconf 92' lang='lat' dir='ltr'>ad</span> 
     </span>
     <span class='ocr_line' id='line_1_61' title="bbox 1247 3997 2347 4061; baseline -0.001 -19"><span class='ocrx_word' id='word_1_385' title='bbox 1247 3997 1460 4056; x_wconf 89' lang='lat' dir='ltr'>plurimos</span> <span class='ocrx_word' id='word_1_386' title='bbox 1495 4011 1565 4043; x_wconf 91' lang='lat' dir='ltr'>res</span> <span class='ocrx_word' id='word_1_387' title='bbox 1600 3999 1695 4058; x_wconf 89' lang='lat' dir='ltr'>ipsa</span> <span class='ocrx_word' id='word_1_388' title='bbox 1730 4001 1984 4061; x_wconf 77' lang='lat' dir='ltr'>perveniat3</span> <span class='ocrx_word' id='word_1_389' title='bbox 2030 4000 2086 4045; x_wconf 90' lang='lat' dir='ltr'>ad</span> <span class='ocrx_word' id='word_1_390' title='bbox 2120 3999 2234 4044; x_wconf 86' lang='lat' dir='ltr'>alios</span> <span class='ocrx_word' id='word_1_391' title='bbox 2269 3999 2347 4058; x_wconf 92' lang='lat' dir='ltr'>sic,</span> 
     </span>
     <span class='ocr_line' id='line_1_62' title="bbox 1251 4085 1787 4132; baseline 0.002 -2"><span class='ocrx_word' id='word_1_392' title='bbox 1251 4086 1306 4130; x_wconf 85' lang='lat' dir='ltr'>ad</span> <span class='ocrx_word' id='word_1_393' title='bbox 1342 4088 1455 4131; x_wconf 91' lang='lat' dir='ltr'>alios</span> <span class='ocrx_word' id='word_1_394' title='bbox 1493 4093 1638 4132; x_wconf 89' lang='lat' dir='ltr'>autem</span> <span class='ocrx_word' id='word_1_395' title='bbox 1673 4085 1787 4132; x_wconf 83' lang='lat' dir='ltr'>sic.“</span> 
     </span>
    </p>
   </div>
   <div class='ocr_carea' id='block_1_9' title="bbox 1967 4172 1994 4233">
    <p class='ocr_par' dir='ltr' id='par_1_11' title="bbox 1967 4172 1994 4233">
     <span class='ocr_line' id='line_1_63' title="bbox 1967 4172 1994 4233; baseline 0 0"><span class='ocrx_word' id='word_1_396' title='bbox 1967 4172 1994 4233; x_wconf 90' lang='lat'>1</span> 
     </span>
    </p>
   </div>
  </div>
 </body>
</html>
