2574 4276
225 177 258 222 2
1097 165 1599 221 PROLEGOMEN
1605 168 1652 217 A

230 311 492 379 expedire,
515 317 567 361 ut
605 309 777 361 eadem
813 308 1070 359 multorum
1107 308 1301 372 studiis,
1338 306 1615 373 vigiliisque
1654 310 1934 371 tractentur,
1974 321 2119 372 quum
2154 322 2316 373 neque
2354 306 2519 374 singu-

226 403 384 456 lorum
433 380 583 470 opera
627 402 675 451 in
723 400 937 451 omnium
983 413 1153 448 manus
1201 397 1420 463 veniant,
1466 412 1627 463 neque
1665 396 1794 447 idem
1831 396 2053 449 omnibus
2092 399 2152 450 sit
2189 405 2385 466 gustuS,
2431 399 2521 451 sed

225 495 306 545 alii
342 495 474 560 aliis,
513 491 919 560 quemadmodum
953 488 1229 554 saporibus,
1283 488 1347 538 ita
1395 487 1786 553 commentariiS,
1835 487 2341 556 lucubrationibusque
2386 489 2522 542 dele-

225 592 428 636 ctentur.
502 582 785 635 Accedebat
817 581 907 646 rei,
942 594 1091 646 >quam
1128 579 1435 644 versandam,
1477 577 1916 645 expoliendamque
1954 582 2293 648 suscipiebam,
2331 598 2518 634 summa

223 678 452 744 gravitas,
491 682 633 742 atque
671 671 966 724 incredibilis
1002 670 1214 736 ubertas,
1257 686 1459 737 quarum
1496 670 1576 721 illa
1614 670 1828 720 omnium
1864 672 2109 737 postulare
2147 688 2345 740 operam
2381 673 2517 725 vide-

219 768 380 835 batur,
427 768 551 818 haec
598 771 759 817 autem
808 780 919 815 eum
968 763 1217 828 aperiebat
1264 779 1510 830 campum,
1561 779 1588 814 e
1640 778 1762 830 qu0,
1808 762 1883 812 sin
1932 763 2089 813 minus
2126 773 2516 840 quaeQmetereS,

219 865 532 927 suppeterent
573 864 738 910 tamen
787 872 911 924 quae
961 855 1227 906 deflorares
1273 872 1331 907 ac
1378 855 1650 922 relegeres.
1739 854 1912 922 Neque
1961 861 2210 922 postremo
2226 844 2516 924 “fflserim,

217 950 330 1001 inde
369 964 564 1016 quoque
606 949 845 1017 erigendi,
883 946 1297 1015 confirmandique
1334 948 1481 998 animi
1518 947 1830 998 occasionem
1862 947 1977 997 mihi
2002 947 2211 1014 aliquam
2233 925 2348 999 esse
2374 948 2519 1000 obor-

214 1047 335 1108 tam,
389 1040 520 1108 quod
569 1042 870 1108 suspicarer,
922 1046 969 1091 et
1016 1040 1192 1090 summi
1241 1038 1473 1106 ponderis
1509 1039 1740 1091 veritates
1776 1039 1983 1105 pleniori
2020 1039 2226 1106 quadam
2263 1040 2372 1092 luce
2407 1056 2520 1109 per-

213 1133 347 1184 fundi
386 1149 558 1200 posse,
603 1139 652 1185 et
685 1132 962 1185 salebrosas
1001 1132 1314 1198 quaestiones
1351 1130 1651 1183 manifestius
1688 1130 2011 1199 complanari,
2045 1132 2274 1184 nonnulla
2310 1148 2429 1184 vero
2469 1134 2518 1184 in

211 1226 426 1276 medium
466 1224 691 1293 proferri,
729 1240 854 1292 quae
886 1230 966 1276 aut
997 1238 1168 1290 pressa
1207 1221 1415 1290 silentiO,
1451 1229 1530 1274 aut
1564 1222 1813 1274 levissime
1850 1223 2007 1274 solum
2045 1225 2322 1292 perstricta,
2370 1225 2516 1292 digna

210 1323 377 1369 tamen
415 1323 583 1383 erant,
640 1304 765 1383 quae
804 1323 852 1368 et
888 1316 1318 1367 considerarentur
1346 1315 1584 1380 intimius,
1636 1320 1684 1366 et
1722 1314 1922 1366 validius
1961 1314 2303 1367 stabilirentur.
2372 1315 2518 1367 Prae-

212 1409 381 1461 sertim
433 1424 579 1475 quum
616 1423 855 1459 novorum
901 1410 1216 1476 interpretum
1263 1413 1465 1459 conatus
1488 1409 1549 1482 ¹⁴,
1606 1422 1663 1457 ac
1700 1413 2047 1474 praeposterae
2083 1406 2266 1460 Raetze
2302 1411 2350 1475 ⁵,
2399 1407 2517 1459 Ale-

210 1500 382 1552 xandri
429 1500 635 1551 Mueller
671 1503 717 1568 ⁶,
766 1500 1144 1552 Bretschneider
1178 1504 1227 1568 ⁷,
1275 1498 1449 1551 Paulus
1484 1501 1501 1525 ⁸
1555 1505 1604 1550 et
1640 1497 1848 1550 Kuinoel
1882 1500 1900 1526 ⁹
1952 1500 2305 1567 expositioneS,
2354 1516 2516 1567 neque

211 1592 409 1660 infringi
457 1593 672 1660 penitus,
721 1608 883 1659 neque
930 1593 1069 1644 aliter
1111 1593 1360 1660 profligari
1412 1591 1622 1642 funditus
1668 1606 1816 1658 posse
1864 1592 2132 1644 videantur.
2213 1593 2375 1654 Quare
2421 1590 2518 1644 σύν

210 1683 333 1753 θεῷ
368 1700 600 1752 exequar,
649 1684 778 1752 quod
814 1686 974 1736 animo
1012 1684 1265 1751 destinavi,
1310 1691 1358 1736 et
1392 1690 1703 1752 praeceptam
1740 1690 1920 1751 mente,
1961 1685 2350 1751 delineatamque
2378 1683 2515 1736 tabu-

210 1774 306 1826 lam
357 1776 601 1827 coloribus
652 1776 900 1844 excitabo,
951 1776 1367 1844 contendamque,
1405 1783 1457 1827 ut
1491 1777 1567 1828 sin
1607 1778 1764 1828 minus
1803 1776 2006 1844 elegans
2045 1792 2103 1828 ac
2137 1782 2366 1843 venusta,
2415 1790 2514 1826 non

210 1869 410 1919 omnino
447 1868 619 1921 saltem
657 1868 889 1921 deformis
927 1869 1283 1936 inspicientium
1324 1868 1477 1919 oculis
1515 1869 1808 1920 subiiciatur.

1109 2193 1495 2271 CAPUT
1577 2193 1627 2270 Ι.

745 2361 939 2415 Fontes
985 2369 1312 2416 tractationis
1350 2371 1682 2432 aperiuntur.-
1723 2395 1777 2403 —
1829 2361 2080 2416 Vincentia·
2115 2361 2408 2426 lerinensi&
2465 2369 2514 2415 et

564 2473 787 2508 consona
823 2455 1138 2522 reliquorum
1168 2454 1399 2521 Patra-m,
1438 2477 1500 2509 ac
1531 2455 1754 2509 Thomae
1790 2460 2048 2522 aquinatis
2085 2451 2347 2524 suffraqia
2382 2455 2509 2507 indi-

564 2554 778 2600 cantur.-
821 2578 876 2587 —
921 2548 981 2600 de
1018 2549 1204 2600 divinis
1240 2548 1429 2601 litteris
1466 2554 1763 2600 nominatim
1800 2554 1987 2619 aqum,
2029 2548 2187 2612 deque
2222 2563 2373 2611 cura,
2410 2562 2511 2611 qua

564 2647 801 2693 contenta
834 2641 1016 2693 iisdem
1052 2647 1343 2693 testimonia
1380 2642 1601 2709 eat-pendi
1638 2639 1817 2693 debent
1854 2647 2007 2706 atque
2043 2637 2284 2691 adhiberi.

391 2881 433 2928 1.
473 2833 601 2929 Etsi
634 2878 782 2930 multa
820 2880 980 2931 animo
1016 2886 1376 2947 succurrerent,
1415 2895 1573 2947 eaque
1606 2895 1705 2930 non
1741 2893 1942 2947 prorsus
1972 2875 2296 2941 incommoda,
2336 2873 2508 2941 quibus

207 2970 608 3020 commentarium
654 2971 785 3022 hunc
829 2988 991 3023 meum
1046 2973 1106 3024 de
1143 2973 1499 3041 praerogativis
1533 2971 1686 3037 Petri,
1734 2987 1793 3022 ac
1830 2985 2054 3037 suprema
2104 2967 2322 3019 eiusdem
2371 2971 2509 3033 pote-

207 3067 330 3112 state
363 3062 670 3130 auspicarer3
704 3063 904 3130 reliquis
929 3070 1092 3115 tamen
1130 3065 1354 3116 omnibus
1390 3062 1713 3130 praeferenda
1753 3062 2025 3112 existimavi
2060 3075 2186 3127 quae
2223 3059 2283 3110 de
2318 3059 2507 3109 ratione

205 3153 417 3204 habendi
453 3153 760 3221 theologicas
796 3157 1156 3207 controversias
1195 3157 1479 3208 Vincentius
1514 3155 1771 3206 lerinensis
1808 3154 1902 3203 iam
1940 3153 2054 3204 inde
2090 3168 2117 3203 a
2154 3152 2318 3218 quinto
2344 3150 2507 3201 eccle-

206 3247 309 3297 siae
358 3246 557 3297 saeculo
610 3248 974 3314 accuratissime
1011 3248 1238 3299 definivit.
1314 3248 1432 3302 Sunt
1476 3248 1603 3298 enim
1645 3246 1858 3312 apprime
1895 3245 2160 3310 luculenta,
2211 3244 2271 3295 ad
2307 3243 2506 3294 catholi-

205 3353 314 3389 cam
365 3337 590 3406 regulam
626 3338 981 3405 perfectissime
1023 3355 1284 3408 expressa,
1336 3347 1385 3392 et
1423 3340 1659 3390 maiorum
1697 3337 1978 3388 auctoritate
2017 3352 2074 3403 ac
2109 3336 2364 3387 traditione
2404 3336 2507 3403 ple-

319 3495 364 3557 ⁴)
406 3496 472 3542 De
505 3495 576 3540 his
612 3496 765 3541 confer
799 3496 1087 3542 disserentem
1109 3497 1321 3555 Augusti-
1511 3495 1557 3557 ⁷)
1614 3493 1855 3540 Handbuch
1899 3492 1978 3539 der
2017 3491 2262 3550 Dogmatik
2314 3493 2393 3540 der
2441 3491 2504 3536 lu-

204 3599 306 3631 num
340 3585 406 3632 De
440 3562 711 3645 lloskovany
756 3587 801 3631 in
838 3599 972 3645 opere
1006 3587 1080 3633 De
1114 3586 1320 3633 Primam
1402 3584 1651 3631 therischen
1701 3582 1877 3629 Kirche.
1947 3582 1992 3628 3.
2045 3581 2248 3641 Auflage.
2325 3580 2505 3638 Leipzig

205 3675 401 3721 Romani
440 3675 675 3734 Pontificis
709 3690 805 3737 cap.
842 3677 874 3722 1.
921 3676 964 3735 S.
1002 3675 1047 3722 2.
1404 3671 1544 3720 1828.

301 3764 347 3826 ⁵)
405 3763 453 3810 In
504 3777 640 3823 opere
689 3766 936 3825 inscripto:
999 3766 1089 3813 Das
1141 3767 1314 3813 Suchen
1508 3761 1554 3823 ⁸)
1605 3759 2180 3818 Philologisch-kritischer
2227 3756 2314 3804 und
2364 3755 2505 3800 histo-

203 3853 317 3900 nach
350 3852 602 3899 Wahrheit.
673 3853 859 3914 Leipzig
896 3853 1037 3901 1823.
1398 3851 1567 3897 rischer
1592 3851 1874 3896 Commentar
1907 3850 2018 3895 uber
2053 3850 2132 3895 das
2166 3848 2217 3894 N.
2256 3845 2303 3891 T.
2329 3844 2501 3901 Evang.

318 3943 364 4005 ⁶)
399 3943 447 3989 In
482 3955 640 4003 opere:
676 3943 890 3989 Preussen
924 3944 1012 3989 und
1046 3942 1217 4001 Bayern
1253 3942 1314 3987 im
1396 3941 1546 3987 matth.

203 4019 481 4079 concordate
529 4034 609 4078 mit
653 4031 779 4078 Rom.
832 4032 1047 4079 Neustadt
1092 4046 1132 4076 a.
1179 4031 1221 4076 d.
1260 4031 1311 4075 Ο.
1511 4028 1559 4089 ⁹)
1605 4026 1652 4072 In
1691 4041 1852 4073 comm.
1886 4027 1941 4073 ad
1972 4027 2123 4074 Matth.
2156 4022 2272 4071 XVI.
2309 4028 2354 4068 et
2397 4019 2498 4067 Joh.

205 4121 348 4169 1824.
1395 4117 1511 4164 XXI.
