2574 4276
1083 171 1325 226 CAPUT
1394 172 1466 226 V.
2359 169 2427 221 29

140 313 386 381 exempla,
445 319 495 365 et
541 311 780 380 quaedam
834 316 1077 364 certarum
1115 313 1466 365 sententiarum
1510 309 1786 362 testimonia
1833 307 2179 360 dubitationem
2229 309 2429 360 incertis

139 405 410 458 auferant.“

316 522 443 577 Sane
476 538 540 574 ne
579 525 823 590 integrum
859 522 999 574 nobis
1036 537 1149 574 esse
1186 522 1474 574 arbitremur
1508 520 1590 572 vel
1617 526 1898 572 transverso
1930 517 2081 585 digito
2119 516 2179 568 ab
2214 515 2311 568 hoc
2346 531 2427 568 ca-

135 627 265 665 none
302 612 590 681 deflectere,
627 616 750 666 ratio
786 614 1000 680 inprimis
1039 613 1294 665 manifesta
1333 611 1567 679 postulat,
1606 627 1701 678 qua
1738 611 2026 676 edocemur,
2077 623 2106 659 e
2143 607 2428 659 clarioribus

138 719 196 756 ac
239 704 536 771 plenioribus
583 706 744 756 lucem
787 706 846 757 iis
893 702 1072 755 affundi
1116 709 1371 769 oportere,
1417 717 1543 769 quae
1582 718 1745 769 neque
1790 708 1922 754 tanta
1960 701 2178 752 claritate
2223 697 2426 766 fulgent,

136 811 296 863 neque
330 812 437 849 rem
471 797 793 863 undequaque
827 799 1219 862 repraesentant:
1258 794 1587 859 opportunitas
1626 793 1802 844 deinde
1841 794 2018 860 exigit,
2065 806 2191 858 quae
2230 791 2427 853 omnino

136 890 346 940 maxima
387 888 541 939 videri
583 887 741 938 debet.
815 884 939 945 Quid
986 884 1115 934 enim
1155 883 1205 933 in
1241 898 1299 934 ea
1333 899 1457 949 quae
1499 883 1655 934 adhuc
1691 883 1848 934 fervet
1893 898 2002 933 cum
2038 882 2428 934 sacramentariis

137 980 469 1031 controversia
483 1019 496 1046 ,
533 978 629 1029 hoc
664 990 852 1028 canone
890 971 1239 1040 opportunius?
1283 981 1501 1041 pugnant
1533 974 1624 1040 illi,
1661 988 1762 1024 non
1795 973 1982 1024 realem
2018 972 2194 1025 Christi
2229 989 2427 1024 carnem

136 1070 186 1119 in
214 1068 514 1121 Eucharistia
551 1068 762 1135 erogari,
800 1065 889 1117 sed
922 1064 1232 1115 benedictum
1266 1082 1459 1133 panem,
1498 1068 1579 1133 qui
1614 1079 1729 1116 caro
1758 1069 1807 1115 et
1844 1063 2018 1114 Christi
2054 1079 2230 1131 corpus
2265 1083 2429 1131 μετω-

135 1160 366 1228 νυμικῶς
415 1159 620 1225 dicatur,
672 1157 801 1224 quod
841 1155 1014 1207 Paulus
1040 1158 1081 1183 ¹⁵
1129 1157 1406 1223 scripserit:
1479 1154 1673 1220 Panis,
1722 1171 1870 1220 quem
1895 1153 2222 1222 franqimus,
2262 1174 2428 1208 nonne

130 1252 456 1316 participatio
487 1254 712 1315 corporis
748 1247 954 1300 Domini
988 1250 1107 1300 est?
1176 1247 1366 1300 Marcus
1395 1249 1437 1275 ¹⁶
1487 1262 1607 1300 vero
1656 1247 1896 1299 Christum
1942 1244 2190 1297 induxerit
2238 1249 2310 1299 sic
2354 1248 2427 1300 lo-

109 1347 390 1407 quentem:
459 1339 587 1394 Jam
634 1358 735 1392 non
770 1337 935 1391 bibam
971 1340 1033 1392 de
1064 1328 1155 1392 hoc
1192 1346 1442 1410 qenimine
1477 1345 1595 1390 vitis
1641 1354 1806 1404 usque
1841 1341 1897 1388 in
1933 1336 2064 1387 diem
2099 1335 2268 1401 illum,
2312 1357 2429 1391 cum

136 1430 266 1483 illud
300 1430 469 1484 bibam
501 1450 687 1484 novum
723 1437 776 1483 in
811 1449 968 1502 reqno
994 1430 1107 1483 Dei.
1178 1431 1288 1484 Non
1322 1447 1401 1483 me
1437 1431 1554 1483 latet
1587 1430 1724 1499 plura
1750 1428 1999 1482 catholicis
2035 1428 2314 1482 doctoribus
2351 1446 2428 1482 ar-

136 1529 367 1589 gumenta
410 1530 668 1591 suppetere
682 1564 695 1591 ,
750 1524 921 1591 quibus
971 1525 1138 1576 ductas
1188 1541 1252 1577 ex
1296 1523 1434 1575 hisce
1477 1523 1766 1575 testimoniis
1817 1520 2122 1573 difficultates
2166 1520 2430 1590 infringant

135 1620 279 1680 atque
313 1613 526 1666 refutent
550 1617 614 1682 ¹⁷3
651 1614 742 1667 sed
773 1617 942 1668 nescio
979 1632 1042 1667 an
1075 1631 1175 1667 non
1209 1615 1326 1667 illud
1362 1616 1423 1667 sit
1457 1616 1787 1682 potissimum,
1836 1613 1967 1681 quod
2015 1628 2043 1664 e
2079 1611 2243 1665 verbis
2274 1628 2428 1680 penes

135 1704 428 1758 Matthaeum
454 1709 523 1757 ¹⁸:
596 1704 711 1758 Hoc
749 1714 828 1759 est
855 1725 1038 1773 corpus
1072 1725 1260 1772 meum,
1309 1724 1397 1759 sua
1432 1713 1605 1775 sponte
1643 1706 1868 1758 dimanat.
1913 1771 1916 1774 ‚
1943 1704 2062 1758 Sunt
2098 1704 2228 1755 enim
2263 1706 2426 1756 nativo

137 1795 316 1848 lumine
353 1797 616 1865 splendida,
653 1799 883 1851 infuscari
917 1806 1190 1866 nequeunt,
1227 1800 1449 1867 strophas
1486 1815 1674 1866 omnes,
1713 1797 2250 1866 tergiversationesque
2285 1812 2427 1864 prae-

135 1888 323 1954 cidunt,
371 1890 711 1957 invectamque
754 1907 782 1942 a
829 1893 1216 1943 sacramentariis
1267 1898 1486 1944 textuum
1534 1877 1659 1959 apud
1691 1889 1889 1941 Paulum
1936 1894 1986 1940 et
2019 1887 2236 1940 Marcum
2284 1904 2426 1940 acce-

132 1979 347 2045 ptionem
387 1979 501 2031 inde
534 1980 816 2033 manifestae
857 1981 1074 2034 falsitatis
1115 1989 1412 2051 coarguunt,
1458 1983 1589 2050 quod
1621 1982 1714 2034 hac
1748 1980 1974 2049 probata,
2021 1980 2209 2032 illarum
2244 1982 2425 2032 veritas

133 2070 361 2138 neganda
398 2072 473 2123 sit.

313 2194 393 2241 37.
464 2190 636 2242 Tribus
673 2191 808 2244 hisce
842 2193 1034 2261 legibus
1071 2195 1113 2244 si
1148 2210 1207 2246 ea
1243 2195 1444 2247 addatur
1478 2210 1632 2262 penes
1669 2209 1842 2246 onmes
1880 2198 2081 2259 recepta
2126 2194 2208 2259 qui
2246 2192 2306 2243 de
2343 2209 2423 2244 ca-

131 2281 338 2332 nonibus
376 2281 618 2334 disserunt
664 2284 725 2334 ad
759 2286 850 2336 rite
886 2286 1300 2352 interpretandum
1335 2287 1654 2351 necessariis,
1706 2302 1947 2354 quamque
1986 2284 2190 2353 Cyrillus
2227 2284 2423 2336 alexan-

133 2371 297 2423 drinus
332 2378 382 2423 et
415 2371 785 2442 Cluysostomus
811 2377 1080 2445 enucleate,
1121 2378 1456 2444 subtiliterque
1486 2384 1738 2445 enarrant,
1774 2378 1857 2428 vix
1889 2377 2149 2444 quidquam
2184 2377 2425 2443 supererit

134 2462 263 2528 quod
295 2464 345 2514 in
366 2467 642 2529 praesentia
665 2467 868 2519 velimus
894 2483 1204 2536 summopere
1238 2469 1640 2520 animadversum.
1712 2469 1877 2535 Itaque
1914 2483 1975 2520 eo
2013 2469 2062 2520 in
2087 2482 2253 2535 opere,
2293 2467 2423 2533 quod

136 2552 436 2606 Thesaurum
471 2557 733 2623 inscripsit,
773 2557 897 2610 haec
931 2559 1079 2611 habet
1106 2562 1146 2587 ¹⁹
1191 2560 1422 2628 Cyrillus:
1497 2560 1739 2627 „Primum
1787 2560 1981 2627 quidem
2018 2565 2235 2626 oportet,
2285 2565 2337 2609 ut
2381 2560 2422 2609 is

135 2646 217 2711 qui
243 2645 304 2696 ad
336 2646 697 2714 investigandas
733 2651 992 2716 scripturas
1029 2666 1192 2703 sacras
1229 2651 1442 2717 accedit,
1476 2641 1711 2703 ¹observet
1740 2658 1956 2719 tempus,
2005 2665 2100 2718 quo
2138 2649 2317 2716 aliquid
2351 2649 2421 2700 di-

136 2736 282 2802 citur,
330 2743 379 2788 et
421 2753 705 2806 personam,
755 2757 783 2792 a
822 2757 915 2807 qua
947 2741 1140 2809 dicitur,
1189 2749 1387 2810 propter
1423 2744 1566 2810 quid,
1613 2751 1662 2795 et
1697 2744 1758 2795 de
1795 2759 1890 2811 quo
1928 2743 2112 2794 dicitur.
2186 2741 2255 2792 Ita
2292 2742 2420 2792 enim

135 2829 215 2894 qui
247 2834 383 2879 recte
414 2831 595 2882 sentire
631 2832 896 2900 voluerint,
953 2835 1072 2886 citra
1106 2834 1255 2885 ullum
1293 2850 1514 2886 errorem
1549 2850 1674 2902 quae
1711 2836 1888 2901 scripta
1924 2840 2060 2900 sunt,
2096 2822 2420 2899 intelligent.“

133 2916 203 3000 Et=
220 2919 589 2988 Chrysostomus
627 2922 803 2990 Cyrillo
839 2924 981 2990 paulo
1015 2927 1269 2991 antiquior,
1309 2931 1358 2975 et
1390 2941 1507 2991 prae
1547 2940 1643 2992 quo
1679 2927 1926 2977 nemiuem
1963 2926 2163 2992 aequius
2202 2924 2263 2975 de
2297 2924 2420 2990 legi-

135 3007 224 3060 bus
258 3012 348 3062 rite
382 3013 728 3079 interpretandi
754 3016 1133 3082 praecipientem
1170 3016 1360 3083 audiaS,
1401 3016 1570 3068 scribit
1590 3019 1667 3068 ²⁰:
1719 3016 1862 3083 „Non
1880 3017 2010 3067 hunc
2041 3016 2202 3067 locum
2237 3021 2420 3065 tantum

139 3102 461 3154 excutiemus:
532 3101 652 3155 Non
687 3112 764 3156 est
799 3111 853 3157 in
886 3105 1081 3157 homine
1113 3112 1199 3158 via
1235 3113 1371 3158 eius:
1405 3107 1493 3159 sed
1530 3115 1579 3159 et
1615 3114 1871 3160 contextus
1908 3123 2104 3159 omnem
2136 3108 2333 3172 seriem,
2373 3113 2422 3156 et

138 3203 224 3253 pro
259 3192 426 3257 quibus
460 3194 585 3246 dicta
623 3198 716 3247 sint
752 3200 928 3265 omnia,
966 3205 1015 3249 et
1049 3214 1077 3249 a
1115 3213 1226 3264 qu0,
1263 3198 1343 3249 vel
1368 3198 1429 3250 ad
1463 3214 1623 3267 quem,
1661 3215 1804 3266 quam
1839 3199 1902 3250 ob
1946 3214 2183 3265 caussam,
2226 3197 2419 3264 quando

140 3284 189 3329 et
224 3284 474 3347 quomodo.
545 3286 656 3338 Non
695 3290 824 3339 enim
861 3297 935 3341 sat
973 3297 1046 3341 est
1081 3290 1272 3355 dicere,
1323 3288 1500 3356 aliquid
1535 3291 1584 3341 in
1622 3289 1866 3358 Scriptura
1903 3292 2242 3358 consignatum
2276 3304 2420 3355 repe-

244 3486 313 3547 ¹⁵)
346 3486 379 3532 1.
404 3487 501 3536 Cor.
533 3492 589 3539 X.
628 3493 704 3540 16.
1266 3492 1281 3512 ⁹
1418 3497 1492 3558 20)
1527 3497 1655 3543 Hom.
1692 3497 1747 3543 de
1781 3497 1931 3544 verbis
1965 3497 2205 3559 Jeremiae,
2243 3510 2338 3557 cap.
2362 3496 2418 3544 X.

245 3572 315 3635 ¹⁶)
348 3574 476 3623 Marc.
509 3579 625 3627 XIV.
660 3582 739 3628 25.
1413 3585 1642 3632 Consentit
1665 3586 1980 3647 Tertullianus,
2016 3586 2117 3631 dum
2142 3587 2203 3632 ita
2224 3587 2420 3646 pressius

244 3659 313 3722 ¹⁷)
350 3662 477 3717 Quod
515 3673 618 3726 post
649 3670 884 3716 Baronium
929 3675 975 3716 et
1012 3670 1234 3717 Bellarmi-
1314 3673 1495 3735 scribit,
1546 3674 1602 3720 de
1634 3674 1818 3721 Pudicit.
1866 3687 1962 3734 cap.
1997 3674 2126 3721 XVI:
2178 3674 2302 3737 „Sed
2334 3674 2421 3720 hoc

135 3761 241 3794 num
294 3749 570 3814 CardinaIeS,
626 3759 819 3804 omnium
875 3758 1233 3832 praeclarissime
1314 3766 1385 3808 est
1417 3762 1615 3808 solemne
1647 3764 1892 3823 perversiS,
1935 3767 1981 3808 et
2014 3763 2195 3824 idiotis,
2241 3768 2286 3808 et
2318 3763 2422 3807 hae-

135 3842 404 3896 exequuntur
448 3844 648 3888 auctores
694 3847 843 3905 operis
888 3848 1112 3908 inscripti,
1164 3847 1232 3894 La
1312 3851 1479 3911 reticis,
1516 3851 1605 3895 iam
1628 3855 1673 3896 et
1693 3851 1918 3910 psychicis
1954 3851 2198 3913 universis,
2235 3851 2418 3897 alicuius

133 3923 386 3986 Perpetui&
419 3927 476 3973 de
508 3927 556 3974 la
586 3930 670 3987 foi.
809 3935 858 3980 T.
883 3934 936 3980 11.
971 3935 1064 3982 Liv.
1088 3935 1229 3981 1-11,
1314 3938 1492 3997 capituli
1528 3938 1733 3997 ancipitis
1768 3940 2005 3985 occasione
2038 3940 2250 3986 adversus
2291 3952 2418 3985 exer-

238 4013 308 4075 Ι3)
343 4015 492 4061 Matth.
530 4016 686 4064 XXVI.
721 4020 799 4068 26.
1315 4026 1451 4071 citum
1493 4028 1807 4074 sententiarum
1843 4027 2120 4074 instrumenti
2166 4027 2304 4074 totius
2351 4039 2418 4075 ar-

241 4101 311 4164 ¹⁹)
344 4102 514 4151 Assert.
546 4105 643 4153 XX.
1314 4112 1473 4161 marif‘
