2574 4276
72 1517 75 1520 -
158 1486 231 1538 De
266 1486 361 1538 hac
400 1489 630 1555 opinione
668 1487 866 1539 disserit
899 1489 949 1539 in
985 1489 1255 1541 Annalibus

165 110 233 160 60
1056 108 1299 162 LIBER·
1322 106 1604 162 PRIMUS

983 435 1461 514 cAPtJ'l‘
1564 435 1664 514 lv.

703 606 1006 660 Cardinalis
1038 605 1259 661 Barom‘i
1292 610 1540 662 iudicium
1575 610 1639 662 de
1664 628 1726 661 ea
1757 616 1986 662 veterum
2014 610 2207 679 aliquot
2242 620 2487 681 opinione,

521 706 608 766 qui
634 697 840 768 Κηφᾶν
875 698 982 752 άπὸ
1004 703 1092 765 τῆς
1123 701 1360 774 κεφαλῆς
1393 700 1672 770 inflexisse
1698 702 1961 753 videntur:
1999 732 2068 742 —-
2099 714 2493 771 protestantium

521 791 919 844 declamationes
957 811 1020 844 ac
1056 794 1379 863 trayoedc‘ae:
1416 824 1480 832 —
1520 801 1886 858 eoecutiuntm·‚
1941 802 1989 847 et
2025 804 2273 862 quantum
2307 799 2385 851 illi
2423 798 2489 852 ab

518 890 848 950 antiquorum
898 893 1067 938 mente
1114 886 1435 950 aberrarent,
1494 888 1808 939 ostenditur:
1854 921 1921 926 υ-
1965 887 2207 955 εωιηηρῖα
2243 906 2376 955 quae
2423 891 2495 943 ad

523 995 629 1028 rem
662 975 870 1048 faciunt
888 1001 903 1029 .-
946 1008 1002 1017 -—
1045 976 1199 1031 Petri
1231 977 1420 1044 ἐξοχή,
1460 986 1509 1031 et
1541 986 1706 1045 potior
1739 987 2023 1032 auctoritas
2062 980 2447 1049 confirmantur.

340 1216 421 1261 38.
480 1159 668 1262 Nolim
711 1211 840 1263 hanc
886 1212 947 1263 de
996 1213 1193 1281 Cephae
1228 1215 1429 1264 nomine
1466 1215 1806 1283 tractationem
1842 1211 1974 1281 prius
2025 1216 2291 1282 dimittere,
2348 1231 2492 1282 quam

160 1315 333 1353 eorum
382 1304 511 1355 inter
556 1310 755 1356 veteres
804 1305 1086 1371 opinionem
1138 1307 1305 1372 paucis
1355 1305 1702 1372 expenderim,
1751 1307 1831 1371 qui
1882 1307 1971 1358 visi
2020 1313 2132 1358 sunt
2169 1308 2494 1372 existimasse,

159 1391 374 1464 Κηφᾶν
412 1399 531 1447 esse'
577 1411 815 1463 graecum
862 1397 1182 1465 vocabulum,
1233 1395 1339 1449 άπὸ
1384 1398 1473 1459 τῆς
1519 1395 1754 1468 κεφαλῆς
1800 1396 1997 1448 ductum
2050 1404 2196 1465 atque
2245 1398 2491 1449 inflexum.

1281 1488 1291 1512 ¹
1350 1488 1615 1554 BaroniUS,
1665 1487 1825 1555 deque
1873 1504 1933 1540 ea
1970 1490 2043 1541 sic
2077 1490 2263 1541 statuit:
2338 1489 2496 1556 „Sunt

158 1596 223 1631 ex
260 1580 440 1631 nostris
479 1579 798 1647 scriptoribus
835 1581 1131 1648 complures,
1179 1588 1228 1633 et
1263 1583 1448 1649 primus
1488 1581 1705 1632 omnium
1742 1579 1945 1647 Optatus
1981 1581 2291 1635 milevitanus
2312 1585 2330 1608 ²
2352 1624 2365 1650 ,
2406 1585 2489 1651 qui

159 1687 342 1723 nomen
371 1671 578 1739 CephaS,
619 1687 719 1723 non
757 1689 784 1723 a
823 1656 938 1741 syra
970 1673 1153 1742 lingua,
1193 1673 1284 1725 sed
1321 1680 1348 1724 a
1385 1687 1569 1740 graeca
1605 1668 1711 1723 άπὸ
1746 1673 1835 1733 τῆς
1872 1671 2123 1740 κεφαλῆς,
2165 1680 2308 1741 caput
2341 1676 2492 1726 inter-

155 1771 437 1833 pretantur,
489 1780 584 1815 nec
623 1765 819 1831 quidem
855 1764 1279 1833 reprehendendi:
1331 1764 1573 1816 eiusmodi
1620 1764 1751 1815 enim
1793 1764 2148 1830 interpretandi
2185 1751 2385 1816 modum
2432 1765 2492 1817 ab

157 1856 263 1908 aliis
300 1857 561 1923 nonnulliS,
604 1871 812 1923 quorum
845 1859 895 1908 in
932 1856 1147 1908 ecclesia
1184 1856 1277 1908 Dei
1314 1863 1390 1909 est
1425 1857 1663 1929 memoria
1701 1856 1929 1923 celebris,
1968 1864 2253 1923 usurpatum
2291 1859 2490 1923 scimus,

159 1948 272 1999 dum
309 1948 595 2001 hebraicam
643 1965 821 2001 vocem
859 1951 908 2001 in
945 1965 1181 2017 graecam
1217 1949 1628 2016 significationem
1662 1951 1870 2001 transire
1908 1949 2146 2001 fecerunt.
2220 1947 2491 2016 Gregorius

156 2043 287 2093 enim
336 2043 666 2094 nazianzenus
688 2045 705 2069 ³
773 2042 1062 2094 hebraicum
1113 2056 1298 2093 nomen
1344 2042 1502 2094 Phase
1549 2057 1659 2092 cum
1709 2043 1858 2093 sciret
1903 2043 1954 2092 in
2001 2040 2190 2092 Pascha
2237 2046 2489 2106 mutatum,

155 2134 296 2184 aliam
326 2150 390 2185 ex
416 2149 477 2184 eo
504 2137 740 2202 mysterio
768 2150 1039 2202 congruam
1067 2134 1201 2185 dedit
1225 2135 1710 2201 interpretationem:
1750 2140 1803 2184 ut
1846 2133 1976 2200 quod
2000 2134 2051 2183 in
2075 2132 2296 2183 hebraeo
2336 2132 2489 2199 signi-

155 2225 268 2276 ficat
302 2227 581 2293 transitum,
629 2227 757 2294 apud
793 2243 1006 2296 graecos
1055 2226 1286 2292 πάσχειν
1312 2228 1696 2294 interpretetur.
1781 2224 1993 2292 Idipsum
2040 2240 2151 2275 cum
2196 2224 2362 2291 plures
2413 2223 2493 2275 alii

153 2320 512 2387 praestiterint,
554 2318 651 2370 hoc
687 2321 834 2371 etiam
874 2327 923 2371 et
956 2320 1021 2385 yde
1058 2321 1260 2371 nomine
1299 2319 1475 2371 Christi
1511 2319 1754 2370 Justinum
1790 2323 2056 2383 martyrem
2079 2319 2095 2342 ⁴
2152 2316 2333 2368 fecisse
2371 2331 2491 2367 con-

154 2417 275 2478 stat,
332 2411 464 2478 quod
515 2418 564 2462 et
609 2418 723 2463 ante
772 2412 864 2464 hos
911 2428 1085 2464 omnes
1132 2413 1328 2479 saepius
1374 2411 1641 2463 factitatum
1687 2428 1714 2461 a
1763 2411 2074 2477 septuaginta
2119 2408 2491 2477 interpretibuS,

157 2503 404 2570 Origenes
444 2503 559 2554 dum
596 2505 697 2571 agit
734 2504 795 2555 de
825 2507 966 2571 prino
994 2512 1042 2556 et
1064 2505 1237 2556 schino
1263 2504 1538 2570 arboribUS,
1578 2503 1802 2556 scribens
1840 2502 1901 2553 ad
1925 2502 2228 2568 Africanum,
2265 2508 2484 2553 testatur.

154 2594 263 2646 Alia
301 2602 413 2647 sunt
463 2596 523 2646 de
560 2595 636 2647 his
675 2596 901 2663 exempla
947 2598 997 2648 in
1034 2597 1195 2648 divina
1235 2598 1501 2665 scriptura,
1546 2603 1597 2648 ut
1635 2585 1746 2648 cum
1783 2597 1982 2647 nomina
2019 2595 2236 2646 siderum
2272 2608 2371 2644 non
2407 2609 2487 2644 se-

156 2688 367 2740 cundum
407 2704 558 2740 voces
595 2688 882 2756 hebraicaS,
930 2689 1020 2741 sed
1069 2688 1340 2741 secundum
1381 2703 1616 2755 graecam
1654 2689 2075 2739 nomenclaturam
2099 2690 2116 2714 ⁵
2170 2693 2282 2738 sunt
2315 2687 2487 2753 posita,

155 2766 302 2847 idque
328 2780 391 2831 ob
417 2782 660 2832 notiorem
686 2781 1110 2849 significationem.
1186 2780 1430 2832 Observat
1452 2780 1550 2831 hoc
1579 2781 1739 2847 ipsum
1761 2797 1825 2831 ex
1849 2780 2019 2831 Photio
2044 2780 2093 2830 in
2120 2777 2486 2844 quaestionibus

156 2872 217 2922 ad
250 2871 645 2939 Amphilochium
684 2874 969 2940 episcopum
992 2874 1171 2941 ¹Cyzici
1193 2874 1209 2899 ⁶
1269 2873 1548 2924 Turrianus.
1624 2872 1764 2924 Unde
1800 2873 2037 2939 apposite,
2076 2868 2207 2936 quod
2244 2869 2371 2934 apud
2408 2884 2488 2936 sy-

154 2978 239 3014 ros
285 2971 473 3031 petram
512 2964 719 3016 solidam
757 2973 898 3018 sonat
934 2982 1118 3018 nomen
1157 2967 1369 3034 Cephae,
1408 2964 1535 3032 apud
1572 2978 1784 3032 graecos
1824 2968 1966 3030 caput
1999 2961 2274 3028 significat:
2323 2978 2381 3012 ac
2417 2963 2489 3012 sic

155 3055 316 3106 divina
365 3058 571 3122 quadam
626 3057 990 3124 dispensatione
1036 3058 1216 3110 factum
1262 3057 1479 3123 videtur,
1530 3063 1581 3107 ut
1628 3071 1723 3107 una
1775 3055 2049 3121 eademque
2098 3068 2247 3119 voce,
2300 3053 2486 3104 duabus

156 3149 362 3215 linguis,
412 3149 541 3199 Petri
575 3150 871 3215 principatus
911 3151 1321 3218 exprimeretur.“
1436 3219 1439 3221 ‚

337 3245 418 3290 39.
495 3241 595 3292 Sed
641 3241 773 3307 quod
817 3242 1207 3308 reprehensione
1270 3257 1449 3292 vacare
1494 3240 1732 3292 Baronius
1798 3239 2009 3304 censuit,
2067 3237 2295 3304 quodque
2345 3237 2488 3287 laude

158 3331 361 3399 dignum
409 3335 728 3401 existimavit,
777 3334 1085 3385 stomachum
1132 3334 1247 3385 fecit
1282 3332 1692 3400 protestantibus,
1747 3337 1796 3382 et
1834 3329 2085 3382 catholicis
2124 3330 2270 3380 etiam
2309 3329 2492 3395 aliquot

158 3439 258 3474 non
309 3425 625 3477 mediocriter
674 3426 928 3492 displicuit.
1003 3426 1099 3493 Ipsi
1154 3428 1374 3493 inprimis
1423 3425 1884 3493 Magdeburgenses
1932 3420 2488 3484 Pseudo-Anacletum,

163 3517 244 3581 qui
291 3518 341 3566 in
377 3519 520 3568 tertia
557 3534 621 3569 ex
658 3518 876 3584 epistolis
926 3534 984 3568 ea
1023 3519 1159 3568 vocis
1196 3518 1501 3569 derivatione
1544 3501 1662 3568 usus
1700 3521 1826 3581 erat,
1876 3515 2029 3580 turpis
2067 3514 2287 3564 inscitiae
2321 3511 2487 3563 verbis

162 3607 492 3659 acerbissimis
548 3616 867 3693 accusarunt,
919 3625 1083 3676 neque
1133 3609 1355 3661 Turriani
1378 3613 1392 3637 ⁷
1454 3608 1676 3660 defensio
1719 3607 1837 3657 tanti
1872 3605 2035 3656 habita
2076 3612 2176 3671 est,
2225 3611 2277 3655 ut
2314 3618 2490 3654 conse-

269 3818 311 3878 ¹)
347 3816 419 3862 Ad
454 3831 612 3863 annum
648 3818 807 3864 XXXI.
852 3834 894 3864 11.
931 3818 1111 3864 XXVII.
1473 3818 1518 3878 ⁴¹)
1555 3814 1677 3861 Orat.
1717 3813 1773 3858 ad
1810 3811 1987 3858 Gentes.

1473 3905 1519 3966 ⁵)
1553 3902 1658 3949 Job.
1695 3901 1777 3961 IX,
1819 3900 1962 3946 Amos
1999 3901 2053 3947 V.

1473 3991 1521 4054 ⁶)
1553 3991 1721 4038 Adver.
1756 3990 2050 4049 Magdeburg.
2088 4004 2126 4034 c.
2153 3989 2225 4035 111.

269 4081 317 4144 ³)
350 4082 417 4132 De
450 4082 692 4144 Paschatc,
729 4083 850 4132 Orat.
888 4083 941 4130 11.
1474 4081 1521 4144 ⁷)
1555 4079 1675 4129 Loco
1709 4080 1914 4140 superius
1949 4079 2147 4126 laudato.

264 3949 312 4012 ²)
351 3948 459 3995 Con.
497 3950 695 3996 Parmen.
730 3951 808 3996 lib.
836 3951 889 3997 11.
927 3965 1025 4012 cap.
1055 3951 1108 3996 11.
