2574 4276
188 162 256 210 34
1067 157 1285 211 LIBER
1359 157 1638 212 PRIMUS

186 301 381 352 versiae
429 298 486 350 τὸ
534 301 841 367 κρινόμενον
890 298 1086 349 1311110111
1136 298 1286 348 redit:
1337 297 1616 349 decreverit
1662 314 1727 348 ne
1776 299 2019 368 Christus,
2068 311 2119 355 ut
2155 303 2348 355 divinae
2382 303 2509 355 illius

188 393 436 443 missionis
474 407 532 442 ac
560 392 811 458 potestatis
833 393 850 416 ²
871 429 884 454 ,
923 403 1069 454 quam
1106 389 1211 454 ipse
1249 405 1276 438 a
1314 388 1458 439 Patre
1495 390 1699 456 accepit,
1742 404 1915 442 omnes
1951 408 2016 446 ex
2051 410 2211 462 aequo
2248 397 2509 463 participes

186 484 219 534 ii
267 483 452 550 forent,
500 496 623 549 quos
669 495 895 532 seorsum
938 494 966 528 a
1014 478 1217 544 reliquis
1254 478 1271 502 ³
1323 480 1574 545 apostolos
1623 482 1940 549 nuncupavit3
1984 500 2046 535 an
2080 488 2238 553 potius
2276 489 2508 554 sanxerit,

184 582 236 627 ut
273 591 302 626 e
341 574 599 626 duodecim
635 586 781 637 unuS,
820 572 960 637 isque
1000 570 1170 623 Simon
1206 571 1443 623 Johannis
1479 570 1620 638 filius,
1661 578 1711 623 et
1750 568 2039 639 appellativo
2079 577 2273 644 Cephae
2310 580 2508 629 nomine

184 667 414 734 insignis,
464 665 642 717 ceteris
679 662 1035 729 anteferretur,
1088 664 1146 714 iis
1184 664 1252 714 uti
1291 671 1434 730 caput
1470 671 1750 732 praeesset,
1791 671 1936 731 atque
1975 681 2063 717 eos
2099 668 2226 720 inter
2260 676 2506 737 tamquam

183 757 476 824 ἡγούμενος
513 755 601 806 καὶ
637 755 932 822 προστάτης
970 758 984 781 ⁴
1025 755 1306 808 haberetur.
1380 755 1570 808 Deinde
1607 772 1729 809 vero
1768 752 1964 824 qualem
2002 774 2110 809 eam
2147 774 2260 811 esse
2299 764 2508 813 auctori-

182 855 330 900 tatem
366 852 382 875 ⁵
435 847 671 915 voluerit,
725 864 820 915 qua
862 865 1011 901 unum
1058 866 1176 917 prae
1213 850 1416 916 reliquis
1455 850 1670 916 Cepham
1707 849 1943 900 illustrem
1979 850 2214 918 reddidit,
2263 867 2507 920 quemque

181 946 444 1007 propterea
482 939 696 1006 Cepham
735 942 876 1008 inter,
917 949 1213 1009 ceterosque
1239 941 1488 1009 apostolos
1518 941 1955 993 subordinationis
1980 940 2211 994 habitum
2246 944 2504 995 induxerit.

180 1017 377 1083 Paucis:
430 1029 616 1091 στάσις
653 1048 711 1084 30
747 1034 977 1101 princeps
1016 1037 1237 1102 quaestio
1274 1040 1373 1101 est,
1425 1049 1486 1084 311
1525 1032 1743 1084 Christus
1780 1034 1982 1100 reliquis
2021 1035 2251 1102 apostolis
2293 1037 2507 1104 Cepham

180 1122 415 1191 dignitate
462 1127 829 1192 praeposuerit:
887 1127 977 1178 sed
1022 1126 1315 1197 κεφάλαιον
1361 1124 1564 1177 εὶδικὸν
1612 1133 1661 1177 01
1708 1127 1930 1193 quaestio
1982 1127 2201 1179 incidens
2253 1135 2351 1195 est,
2413 1145 2507 1196 qua

179 1216 414 1283 dignitate
435 1217 487 1282 ⁶,
535 1232 683 1283 quam
722 1218 881 1286 ampla
919 1235 978 1270 ac
1012 1219 1120 1271 fusa
1156 1219 1290 1271 illum
1327 1217 1701 1286 praehabuerit,
1749 1224 1895 1286 atque
1931 1218 2043 1270 ideo
2083 1234 2180 1286 quo
2217 1220 2504 1274 subordina-

178 1309 324 1359 tionis
361 1308 509 1360 modo
545 1309 766 1376 reliquos
804 1311 1052 1378 apostolos
1091 1328 1200 1364 cum
1236 1311 1381 1362 Petro
1418 1309 1706 1362 devinxerit.

360 1427 406 1473 3.
482 1422 696 1491 Utraque
733 1426 881 1492 igitur
919 1428 1167 1494 quaestio,
1220 1433 1322 1477 tum
1359 1439 1485 1491 quae
1522 1425 1751 1491 princeps
1789 1430 1893 1492 est,
1943 1431 2044 1476 tum
2090 1441 2216 1493 quae
2252 1425 2380 1478 hanc
2418 1443 2505 1479 ex-

182 1514 316 1581 cipit,
367 1514 430 1565 ad
483 1530 595 1565 eam
642 1516 855 1582 pertinet
892 1533 1176 1569 caussarum
1216 1518 1460 1584 speciem,
1512 1516 1687 1583 quibus
1724 1517 1774 1567 in
1811 1519 2200 1570 controversiam
2237 1519 2503 1586 adducitur,

178 1612 337 1657 utrum
363 1606 606 1658 institutor
641 1609 726 1659 uni
760 1625 881 1676 prae
904 1610 1108 1676 reliquis
1145 1616 1434 1661 ornamenta
1471 1609 1646 1675 aliqua,
1684 1610 2155 1678 praerogativasque
2185 1613 2502 1663 concesserit.

179 1698 283 1750 Hae
320 1704 484 1750 autem
524 1714 731 1752 caussae
768 1701 892 1754 tales
930 1708 1057 1767 sunt,
1096 1701 1270 1768 quibus
1305 1703 1398 1754 rite
1433 1701 1688 1768 habendiS,
1727 1701 1808 1752 illa
1844 1702 2062 1769 inprimis
2098 1704 2271 1770 seponi
2308 1690 2504 1770 debent,

181 1808 308 1859 quae
347 1799 458 1844 sunt
494 1799 805 1844 communia:
841 1809 1005 1860 neque
1045 1795 1176 1844 enim
1216 1810 1244 1844 e
1282 1793 1621 1846 communibus
1657 1793 1855 1861 prodire
1895 1793 2159 1846 discrimen
2190 1800 2376 1862 potest,
2425 1795 2506 1847 vel

181 1900 242 1936 eo
293 1885 571 1938 communia
611 1886 881 1953 pertinent,
938 1892 990 1937 ut
1036 1891 1263 1937 statutum
1309 1887 1435 1939 inter
1480 1887 1646 1953 plures
1698 1886 1961 1937 discrimen
2011 1887 2245 1953 aperiant.
2316 1886 2396 1938 Ad
2443 1898 2503 1939 ea

287 2077 333 2139 ²)
369 2077 443 2124 Ad
478 2092 530 2123 ea
564 2077 762 2137 respicio
798 2091 911 2136 quae
947 2091 1003 2123 ex
1033 2091 1112 2123 ore
1137 2078 1303 2123 Christi

180 2167 381 2226 profecta
416 2166 663 2212 Matthaeus
709 2165 926 2211 describit
968 2180 1063 2227 0311.
1099 2166 1301 2213 XXVIII.

184 2254 430 2301 18—20:
499 2246 676 2314 Ἐδόθη
722 2269 801 2315 μοι
844 2250 980 2301 πᾶσα
1026 2250 1211 2311 ἐξουσία
1256 2255 1313 2301 ἑν-

181 2336 368 2406 οὗρανῷ
413 2342 492 2389 καὶ
533 2341 609 2389 ἐπὶ
648 2338 754 2405 γῆς.
801 2342 1105 2407 πορευθέντες
1139 2346 1303 2405 μαθη-

180 2425 370 2480 τεύσατε
411 2426 568 2480 πάντα
601 2425 662 2479 τοὶ
696 2427 841 2493 ἔθνη,
888 2429 1185 2496 βαπτίζοντες
1220 2425 1302 2478 αὖ·

180 2514 288 2576 τούς
332 2520 394 2575 εἷς
439 2515 493 2569 vd
537 2513 688 2583 ὄνομα
733 2517 818 2568 τοῦ
863 2515 1042 2585 πατρὸς
1088 2521 1165 2568 καὶ
1219 2518 1304 2570 τοῦ

180 2606 281 2656 υἱοῦ
314 2609 392 2655 καὶ
426 2606 511 2657 τοῦ
555 2589 688 2673 οἱγίου
733 2603 1018 2673 πνεύματος,
1064 2605 1301 2658 διδάσκον-

181 2714 252 2753 τες
288 2691 457 2753 αὐτοῦς
490 2706 642 2763 τηρεῖν
676 2694 833 2746 πάντα
878 2692 972 2747 ὅσα
1018 2692 1303 2762 ἐνετειλάμην

179 2781 309 2849 ὑμῖν·
358 2788 435 2834 καὶ
482 2781 605 2845 ἰδού,
652 2783 739 2851 ἐγώ
774 2782 887 2851 μεθ’
922 2781 1054 2851 ὑμῶν
1088 2787 1176 2850 εἰμι
1210 2781 1303 2834 πά-

180 2890 267 2930 σας
299 2872 385 2931 τοίς
417 2869 593 2942 ἡμέρας
607 2914 619 2935 ,
666 2874 750 2932 ἕως
795 2874 879 2939 τῆς
921 2876 1174 2932 συντελείας
1218 2874 1302 2924 τοῦ

183 2962 361 3020 αἰῶνος.

285 3055 331 3116 ³)
368 3055 520 3101 Matth.
555 3054 610 3100 X.
650 3054 696 3100 2.
755 3055 856 3100 0011.
911 3056 1046 3101 Marc.
1091 3056 1164 3101 111.
1216 3055 1300 3117 14,

182 3143 284 3189 Luc.
323 3143 397 3189 VI.
440 3142 529 3203 13,
565 3142 665 3188 Act.
703 3142 736 3187 I.
773 3143 819 3189 2.

287 3232 331 3293 4)
384 3231 454 3277 Ex
495 3233 621 3276 hisce
666 3231 898 3286 vocabulis
948 3232 1131 3277 alterum
1175 3233 1303 3278 bibli-

181 3335 278 3366 cum
316 3318 387 3367 est
424 3326 555 3380 atque
591 3321 967 3381 ecclesiasticum,
1006 3321 1191 3366 alterum
1221 3335 1301 3366 usu

180 3410 321 3455 solum
346 3410 656 3456 ecclesiastico
683 3415 923 3469 receptum.
988 3409 1061 3455 Ad
1085 3410 1192 3455 illud
1216 3412 1302 3455 ista

179 3501 401 3558 pertinent
434 3499 568 3545 Hebr.
606 3498 721 3544 XIII.
761 3498 815 3543 7:
867 3490 1167 3558 μνημονεύετε
1210 3494 1303 3545 τῶν

180 3579 439 3648 ἡγουμένων
472 3580 617 3649 ὑμῶν,
653 3580 812 3640 οἵτινες
841 3579 1072 3646 ἐλάλησαν
1094 3579 1202 3647 ὑμῖν
1223 3581 1303 3634 τόν

181 3673 316 3736 λόγον
361 3672 445 3722 τοῦ
488 3673 622 3722 θεοῦ.
692 3676 764 3722 Ad
799 3677 1022 3736 posterius
1057 3688 1167 3720 vero
1203 3689 1303 3736 spe-

181 3770 302 3810 ctant
347 3779 477 3824 quum
525 3765 610 3809 alia
656 3780 681 3810 a
723 3765 927 3811 Patribus
975 3765 1134 3810 crebro
1179 3779 1303 3811 usur-

180 3860 300 3914 pata,
338 3860 427 3899 tum
462 3854 575 3898 haec
599 3853 751 3899 Basilii
788 3854 1077 3900 seleuciensis
1102 3867 1160 3899 ex
1184 3859 1299 3899 orat.

182 3945 223 3987 in
258 3941 501 4001 Davidem,
548 3941 591 3999 §.
628 3941 776 3987 XVII:
837 3941 1021 4005 Πέτρος
1054 3936 1147 3989 τῶν
1180 3933 1300 3988 εἷπο-

180 4025 356 4077 στόλοον
389 4023 414 4074 ὁ
451 4036 728 4092 κορυφαῖος,
775 4023 801 4074 ὁ
838 4027 930 4076 τῶν
965 4026 1176 4095 Χριστοῦ
1210 4046 1299 4090 μα-

179 4116 344 4179 θητῶν
378 4112 654 4180 προστάτης.

1495 2077 1539 2138 ⁵)
1589 2077 1730 2132 Quum
1777 2077 1908 2122 multa
1955 2077 2010 2122 de
2054 2089 2169 2122 voce
2214 2078 2504 2123 auctoritatis

1388 2180 1439 2212 ea
1487 2171 1634 2212 mente
1680 2166 1873 2225 disputet
1912 2165 2184 2212 Bohemerus
2218 2167 2263 2211 in
2295 2166 2501 2214 Dissertt.

1386 2255 1505 2301 Juris
1542 2255 1700 2301 eccles.
1739 2256 1932 2316 antiqui,
1982 2254 2168 2301 Dissert.
2203 2254 2300 2300 VII.
2347 2269 2390 2299 11.
2427 2254 2500 2299 111.

1387 2343 1432 2403 §-
1457 2343 1585 2405 XIV,
1622 2348 1670 2389 ut
1704 2357 1753 2389 se
1790 2343 1845 2388 ab
1882 2345 1937 2391 iis
1973 2343 2182 2404 expediat
2214 2344 2500 2405 testimoniis,

1387 2433 1546 2492 quibus
1582 2433 1819 2478 discrimen
1853 2434 2043 2478 clericos
2068 2434 2184 2478 inter
2207 2439 2338 2492 atque
2360 2432 2501 2478 laicos

1387 2520 1541 2566 divino
1588 2521 1708 2582 iure,
1753 2521 1988 2581 divinaque
2025 2521 2185 2568 Christi
2220 2522 2502 2568 ordinatione

1386 2610 1664 2670 praefinitum
1715 2610 1995 2672 ostenditur,
2057 2615 2209 2670 aperte
2258 2610 2498 2670 profiteor,

1387 2713 1457 2744 me
1493 2712 1545 2743 ea
1581 2711 1695 2744 voce
1730 2699 1817 2758 uti,
1863 2705 1909 2744 ut
1943 2693 2175 2755 ἐξουσίαν,
2210 2703 2501 2758 potestatem-

1388 2801 1472 2847 que
1495 2787 1694 2847 regendi,
1729 2787 2091 2846 gubernandique
2113 2787 2375 2845 significem.
2431 2786 2496 2831 Cf.

1386 2875 1634 2921 Barnabam
1667 2875 1939 2921 Brissonium
1986 2876 2042 2921 de
2089 2874 2211 2921 verb.
2258 2875 2497 2933 significat.

1388 2965 1446 3011 ad
1466 2978 1522 3034 vv.
1558 2944 1824 3011 auctoritas.

1492 3140 1537 3202 6)
1590 3141 1640 3187 Si
1675 3145 1858 3199 utraque
1902 3139 2137 3185 definiatur
2178 3139 2499 3198 controversia,

1386 3230 1465 3275 vix
1500 3229 1736 3289 quidquam
1770 3227 2125 3286 investigandum
2169 3228 2409 3289 supererit,
2451 3233 2500 3272 ut

1387 3319 1442 3364 de
1470 3318 1629 3376 forma
1662 3321 1861 3379 constet,
1907 3331 1990 3377 qua
2028 3316 2226 3362 Christus
2262 3316 2403 3363 voluit
2436 3318 2500 3362 in-

1387 3409 1587 3454 stitutam
1623 3421 1646 3452 a
1683 3420 1733 3452 se
1777 3405 2011 3451 ecclesiam
2057 3405 2311 3463 gubernari.
2387 3404 2498 3450 Eum

1387 3497 1502 3542 enim
1538 3495 1759 3555 noluisse,
1795 3499 1844 3540 ut
1875 3489 2224 3557 δημοκρατικαῖς
2255 3497 2498 3553 regeretur,

1388 3585 1539 3631 omnia
1574 3584 1785 3644 probant,
1832 3583 1970 3628 verba
2014 3583 2327 3643 institutionis,
2374 3582 2501 3627 testi-

1387 3675 1553 3735 monia,
1590 3678 1805 3731 gestaque
1829 3672 2147 3734 apostolorum,
2180 3671 2500 3719 disertissimae

1385 3764 1559 3809 Patrum
1607 3761 1875 3821 sententiae,
1926 3774 1977 3804 ac
2022 3763 2229 3807 universa
2274 3759 2500 3804 christiani

1385 3850 1811 3898 nominishistoria.
1880 3849 2091 3895 Voluisse
2115 3853 2274 3910 autem,
2311 3853 2360 3893 ut
2382 3847 2497 3892 illius

1384 3941 1584 3998 regimen
1621 3938 1677 3983 ad
1711 3951 1859 3999 unum,
1895 3950 2231 3999 supremumque
2266 3940 2399 3996 caput
2431 3949 2499 3980 re-

1384 4032 1646 4090 vocaretur,
1703 4041 1755 4071 ea
1803 4027 2039 4073 ostendent
2091 4038 2205 4085 quae
2257 4025 2498 4070 continenti
2572 4024 2574 4031 '

1384 4118 1588 4163 oratione
1623 4115 2043 4162 demonstrabimus
