<?xml version="1.0" encoding="UTF-8"?>
<!DOCTYPE html PUBLIC "-//W3C//DTD XHTML 1.0 Transitional//EN"
    "http://www.w3.org/TR/xhtml1/DTD/xhtml1-transitional.dtd">
<html xmlns="http://www.w3.org/1999/xhtml" xml:lang="en" lang="en">
 <head>
  <title>
</title>
<meta http-equiv="Content-Type" content="text/html;charset=utf-8" />
  <meta name='ocr-system' content='tesseract 3.04.00' />
  <meta name='ocr-capabilities' content='ocr_page ocr_carea ocr_par ocr_line ocrx_word'/>
</head>
<body>
  <div class='ocr_page' id='page_1' title='image "a603168400passuoft_0018.png"; bbox 0 0 2574 4276; ppageno 0'>
   <div class='ocr_carea' id='block_1_1' title="bbox 224 87 1642 145">
    <p class='ocr_par' dir='ltr' id='par_1_1' title="bbox 224 87 1642 145">
     <span class='ocr_line' id='line_1_1' title="bbox 224 87 1642 145; baseline -0.002 -2"><span class='ocrx_word' id='word_1_1' title='bbox 224 97 288 145; x_wconf 86' lang='lat'><strong>10</strong></span> <span class='ocrx_word' id='word_1_2' title='bbox 632 127 636 130; x_wconf 89' lang='lat'><em>-</em></span> <span class='ocrx_word' id='word_1_3' title='bbox 1089 87 1642 143; x_wconf 70' lang='lat' dir='ltr'><strong>PRQLEGOMENA</strong></span> 
     </span>
    </p>
   </div>
   <div class='ocr_carea' id='block_1_2' title="bbox 199 228 2511 2594">
    <p class='ocr_par' dir='ltr' id='par_1_2' title="bbox 203 228 2511 1763">
     <span class='ocr_line' id='line_1_2' title="bbox 218 228 2509 302; baseline -0.001 -16"><span class='ocrx_word' id='word_1_4' title='bbox 218 241 352 302; x_wconf 86' lang='lat' dir='ltr'><strong>sunt,</strong></span> <span class='ocrx_word' id='word_1_5' title='bbox 400 240 452 286; x_wconf 91' lang='lat' dir='ltr'><strong>ut</strong></span> <span class='ocrx_word' id='word_1_6' title='bbox 487 234 604 285; x_wconf 90' lang='lat' dir='ltr'><strong>nihil</strong></span> <span class='ocrx_word' id='word_1_7' title='bbox 638 234 701 285; x_wconf 91' lang='lat' dir='ltr'><strong>ad</strong></span> <span class='ocrx_word' id='word_1_8' title='bbox 735 249 795 285; x_wconf 91' lang='lat' dir='ltr'><strong>ea</strong></span> <span class='ocrx_word' id='word_1_9' title='bbox 834 231 1146 299; x_wconf 89' lang='lat' dir='ltr'><strong>adprobanda</strong></span> <span class='ocrx_word' id='word_1_10' title='bbox 1183 229 1396 282; x_wconf 81' lang='lat' dir='ltr'><strong>Traditio</strong></span> <span class='ocrx_word' id='word_1_11' title='bbox 1434 236 1696 296; x_wconf 76' lang='lat' dir='ltr'>suggerat,</span> <span class='ocrx_word' id='word_1_12' title='bbox 1749 228 1880 295; x_wconf 88' lang='lat' dir='ltr'><strong>quod</strong></span> <span class='ocrx_word' id='word_1_13' title='bbox 1915 244 2025 282; x_wconf 89' lang='lat' dir='ltr'><strong>cum</strong></span> <span class='ocrx_word' id='word_1_14' title='bbox 2061 229 2215 283; x_wconf 87' lang='lat' dir='ltr'><strong>effatis</strong></span> <span class='ocrx_word' id='word_1_15' title='bbox 2250 231 2509 284; x_wconf 85' lang='lat' dir='ltr'>bibliorum</span> 
     </span>
     <span class='ocr_line' id='line_1_3' title="bbox 219 319 2507 394; baseline -0.001 -16"><span class='ocrx_word' id='word_1_16' title='bbox 219 342 318 378; x_wconf 90' lang='lat' dir='ltr'><strong>non</strong></span> <span class='ocrx_word' id='word_1_17' title='bbox 353 328 414 378; x_wconf 92' lang='lat' dir='ltr'><strong>sit</strong></span> <span class='ocrx_word' id='word_1_18' title='bbox 447 332 739 394; x_wconf 61' lang='lat' dir='ltr'><strong>consertum,</strong></span> <span class='ocrx_word' id='word_1_19' title='bbox 778 331 827 376; x_wconf 88' lang='lat' dir='ltr'><strong>et</strong></span> <span class='ocrx_word' id='word_1_20' title='bbox 861 323 1160 391; x_wconf 82' lang='lat' dir='ltr'><strong>penitissime</strong></span> <span class='ocrx_word' id='word_1_21' title='bbox 1197 320 1492 387; x_wconf 88' lang='lat' dir='ltr'><strong>colligatum.</strong></span> <span class='ocrx_word' id='word_1_22' title='bbox 1543 319 1780 386; x_wconf 82' lang='lat' dir='ltr'><strong>Equidem</strong></span> <span class='ocrx_word' id='word_1_23' title='bbox 1815 333 1916 371; x_wconf 88' lang='lat' dir='ltr'><strong>non</strong></span> <span class='ocrx_word' id='word_1_24' title='bbox 1950 337 2030 373; x_wconf 91' lang='lat' dir='ltr'><strong>me</strong></span> <span class='ocrx_word' id='word_1_25' title='bbox 2066 321 2218 389; x_wconf 88' lang='lat' dir='ltr'><strong>fugit,</strong></span> <span class='ocrx_word' id='word_1_26' title='bbox 2251 323 2507 375; x_wconf 89' lang='lat' dir='ltr'><strong>innumera</strong></span> 
     </span>
     <span class='ocr_line' id='line_1_4' title="bbox 218 410 2510 486; baseline -0.002 -16"><span class='ocrx_word' id='word_1_27' title='bbox 218 419 279 470; x_wconf 92' lang='lat' dir='ltr'><strong>de</strong></span> <span class='ocrx_word' id='word_1_28' title='bbox 315 418 666 486; x_wconf 84' lang='lat' dir='ltr'><strong>praerogativis</strong></span> <span class='ocrx_word' id='word_1_29' title='bbox 701 415 854 480; x_wconf 90' lang='lat' dir='ltr'><strong>Petri,</strong></span> <span class='ocrx_word' id='word_1_30' title='bbox 895 429 954 464; x_wconf 88' lang='lat' dir='ltr'><strong>ac</strong></span> <span class='ocrx_word' id='word_1_31' title='bbox 987 412 1113 462; x_wconf 91' lang='lat' dir='ltr'><strong>illius</strong></span> <span class='ocrx_word' id='word_1_32' title='bbox 1148 425 1266 476; x_wconf 88' lang='lat' dir='ltr'><strong>prae</strong></span> <span class='ocrx_word' id='word_1_33' title='bbox 1303 410 1534 477; x_wconf 89' lang='lat' dir='ltr'><strong>apostolis</strong></span> <span class='ocrx_word' id='word_1_34' title='bbox 1561 411 1742 463; x_wconf 86' lang='lat' dir='ltr'><strong>ceteris</strong></span> <span class='ocrx_word' id='word_1_35' title='bbox 1766 411 1960 478; x_wconf 87' lang='lat' dir='ltr'><strong>eximia,</strong></span> <span class='ocrx_word' id='word_1_36' title='bbox 1997 418 2045 463; x_wconf 89' lang='lat' dir='ltr'><strong>et</strong></span> <span class='ocrx_word' id='word_1_37' title='bbox 2068 415 2314 481; x_wconf 88' lang='lat' dir='ltr'><strong>consortii,</strong></span> <span class='ocrx_word' id='word_1_38' title='bbox 2351 415 2510 466; x_wconf 89' lang='lat' dir='ltr'><strong>socie-</strong></span> 
     </span>
     <span class='ocr_line' id='line_1_5' title="bbox 218 501 2511 576; baseline -0.002 -15"><span class='ocrx_word' id='word_1_39' title='bbox 218 511 424 576; x_wconf 90' lang='lat' dir='ltr'><strong>tatisque</strong></span> <span class='ocrx_word' id='word_1_40' title='bbox 462 514 658 560; x_wconf 91' lang='lat' dir='ltr'><strong>exsorte</strong></span> <span class='ocrx_word' id='word_1_41' title='bbox 696 505 1003 567; x_wconf 87' lang='lat' dir='ltr'><strong>auctoritate,</strong></span> <span class='ocrx_word' id='word_1_42' title='bbox 1041 501 1315 552; x_wconf 90' lang='lat' dir='ltr'><strong>testimonia</strong></span> <span class='ocrx_word' id='word_1_43' title='bbox 1351 507 1635 569; x_wconf 86' lang='lat' dir='ltr'><strong>suppetere,</strong></span> <span class='ocrx_word' id='word_1_44' title='bbox 1675 517 1800 569; x_wconf 90' lang='lat' dir='ltr'><strong>quae</strong></span> <span class='ocrx_word' id='word_1_45' title='bbox 1838 502 1919 554; x_wconf 93' lang='lat' dir='ltr'><strong>vel</strong></span> <span class='ocrx_word' id='word_1_46' title='bbox 1954 509 2114 570; x_wconf 87' lang='lat' dir='ltr'><strong>patres</strong></span> <span class='ocrx_word' id='word_1_47' title='bbox 2150 505 2381 571; x_wconf 85' lang='lat' dir='ltr'><strong>dixerint,</strong></span> <span class='ocrx_word' id='word_1_48' title='bbox 2428 505 2511 556; x_wconf 92' lang='lat' dir='ltr'><strong>vel</strong></span> 
     </span>
     <span class='ocr_line' id='line_1_6' title="bbox 214 591 2508 669; baseline -0.003 -15"><span class='ocrx_word' id='word_1_49' title='bbox 214 602 387 669; x_wconf 80' lang='lat' dir='ltr'><strong>synodi</strong></span> <span class='ocrx_word' id='word_1_50' title='bbox 421 599 806 668; x_wconf 89' lang='lat' dir='ltr'><strong>pronunciarint,</strong></span> <span class='ocrx_word' id='word_1_51' title='bbox 855 593 935 646; x_wconf 81' lang='lat' dir='ltr'><strong>vel</strong></span> <span class='ocrx_word' id='word_1_52' title='bbox 983 594 1078 644; x_wconf 90' lang='lat' dir='ltr'><strong>iam</strong></span> <span class='ocrx_word' id='word_1_53' title='bbox 1114 592 1226 643; x_wconf 91' lang='lat' dir='ltr'><strong>inde</strong></span> <span class='ocrx_word' id='word_1_54' title='bbox 1264 591 1324 643; x_wconf 93' lang='lat' dir='ltr'><strong>ab</strong></span> <span class='ocrx_word' id='word_1_55' title='bbox 1355 593 1687 658; x_wconf 88' lang='lat' dir='ltr'><strong>antiquissima</strong></span> <span class='ocrx_word' id='word_1_56' title='bbox 1725 600 1883 646; x_wconf 88' lang='lat' dir='ltr'><strong>aetate</strong></span> <span class='ocrx_word' id='word_1_57' title='bbox 1918 596 2108 646; x_wconf 89' lang='lat' dir='ltr'><strong>romani</strong></span> <span class='ocrx_word' id='word_1_58' title='bbox 2141 596 2393 663; x_wconf 81' lang='lat' dir='ltr'><strong>praesules</strong></span> <span class='ocrx_word' id='word_1_59' title='bbox 2432 603 2508 648; x_wconf 92' lang='lat' dir='ltr'><strong>tu-</strong></span> 
     </span>
     <span class='ocr_line' id='line_1_7' title="bbox 210 683 2503 753; baseline 0.002 -18"><span class='ocrx_word' id='word_1_60' title='bbox 210 684 382 736; x_wconf 87' lang='lat' dir='ltr'><strong>lerint:</strong></span> <span class='ocrx_word' id='word_1_61' title='bbox 436 700 597 751; x_wconf 92' lang='lat' dir='ltr'><strong>neque</strong></span> <span class='ocrx_word' id='word_1_62' title='bbox 634 702 712 737; x_wconf 91' lang='lat' dir='ltr'><strong>me</strong></span> <span class='ocrx_word' id='word_1_63' title='bbox 749 685 885 752; x_wconf 89' lang='lat' dir='ltr'><strong>fugit,</strong></span> <span class='ocrx_word' id='word_1_64' title='bbox 925 683 1102 735; x_wconf 90' lang='lat' dir='ltr'><strong>eodem</strong></span> <span class='ocrx_word' id='word_1_65' title='bbox 1137 684 1274 750; x_wconf 91' lang='lat' dir='ltr'><strong>plura</strong></span> <span class='ocrx_word' id='word_1_66' title='bbox 1309 685 1556 751; x_wconf 90' lang='lat' dir='ltr'><strong>pertinere</strong></span> <span class='ocrx_word' id='word_1_67' title='bbox 1593 686 1697 736; x_wconf 92' lang='lat' dir='ltr'><strong>sive</strong></span> <span class='ocrx_word' id='word_1_68' title='bbox 1731 686 1968 753; x_wconf 83' lang='lat' dir='ltr'><strong>liturgicis</strong></span> <span class='ocrx_word' id='word_1_69' title='bbox 2005 686 2360 753; x_wconf 85' lang='lat' dir='ltr'><strong>comprehensa</strong></span> <span class='ocrx_word' id='word_1_70' title='bbox 2397 702 2503 739; x_wconf 90' lang='lat' dir='ltr'><strong>mo·-</strong></span> 
     </span>
     <span class='ocr_line' id='line_1_8' title="bbox 214 774 2506 845; baseline 0.002 -18"><span class='ocrx_word' id='word_1_71' title='bbox 214 779 470 844; x_wconf 84' lang='lat' dir='ltr'><strong>numentiS,</strong></span> <span class='ocrx_word' id='word_1_72' title='bbox 509 780 616 829; x_wconf 89' lang='lat' dir='ltr'><strong>sive</strong></span> <span class='ocrx_word' id='word_1_73' title='bbox 654 777 885 828; x_wconf 85' lang='lat' dir='ltr'><strong>historiae</strong></span> <span class='ocrx_word' id='word_1_74' title='bbox 923 774 1174 828; x_wconf 83' lang='lat' dir='ltr'><strong>annalibus</strong></span> <span class='ocrx_word' id='word_1_75' title='bbox 1213 776 1530 843; x_wconf 83' lang='lat' dir='ltr'><strong>consignata:</strong></span> <span class='ocrx_word' id='word_1_76' title='bbox 1568 778 1822 844; x_wconf 90' lang='lat' dir='ltr'><strong>praeclare</strong></span> <span class='ocrx_word' id='word_1_77' title='bbox 1860 780 2004 830; x_wconf 90' lang='lat' dir='ltr'><strong>etiam</strong></span> <span class='ocrx_word' id='word_1_78' title='bbox 2039 777 2258 845; x_wconf 88' lang='lat' dir='ltr'><strong>intelligo</strong></span> <span class='ocrx_word' id='word_1_79' title='bbox 2282 778 2345 829; x_wconf 89' lang='lat' dir='ltr'><strong>ad</strong></span> <span class='ocrx_word' id='word_1_80' title='bbox 2366 785 2506 831; x_wconf 90' lang='lat' dir='ltr'><strong>tuen-</strong></span> 
     </span>
     <span class='ocr_line' id='line_1_9' title="bbox 212 867 2507 937; baseline 0.002 -19"><span class='ocrx_word' id='word_1_81' title='bbox 212 867 298 919; x_wconf 89' lang='lat' dir='ltr'><strong>das</strong></span> <span class='ocrx_word' id='word_1_82' title='bbox 333 868 458 918; x_wconf 89' lang='lat' dir='ltr'><strong>Petri</strong></span> <span class='ocrx_word' id='word_1_83' title='bbox 497 868 652 935; x_wconf 90' lang='lat' dir='ltr'><strong>dotes,</strong></span> <span class='ocrx_word' id='word_1_84' title='bbox 693 870 1125 933; x_wconf 82' lang='lat' dir='ltr'><strong>auctoritatemque</strong></span> <span class='ocrx_word' id='word_1_85' title='bbox 1160 868 1475 934; x_wconf 88' lang='lat' dir='ltr'><strong>principalem</strong></span> <span class='ocrx_word' id='word_1_86' title='bbox 1511 875 1595 935; x_wconf 90' lang='lat' dir='ltr'><strong>tot,</strong></span> <span class='ocrx_word' id='word_1_87' title='bbox 1633 875 1860 937; x_wconf 87' lang='lat' dir='ltr'><strong>tantaque</strong></span> <span class='ocrx_word' id='word_1_88' title='bbox 1898 871 2191 936; x_wconf 88' lang='lat' dir='ltr'><strong>consentire,</strong></span> <span class='ocrx_word' id='word_1_89' title='bbox 2229 875 2281 921; x_wconf 87' lang='lat' dir='ltr'><strong>ut</strong></span> <span class='ocrx_word' id='word_1_90' title='bbox 2304 869 2507 922; x_wconf 86' lang='lat' dir='ltr'><strong>arduum</strong></span> 
     </span>
     <span class='ocr_line' id='line_1_10' title="bbox 211 959 2507 1030; baseline 0.003 -22"><span class='ocrx_word' id='word_1_91' title='bbox 211 973 309 1009; x_wconf 92' lang='lat' dir='ltr'><strong>non</strong></span> <span class='ocrx_word' id='word_1_92' title='bbox 353 960 509 1010; x_wconf 91' lang='lat' dir='ltr'><strong>minus</strong></span> <span class='ocrx_word' id='word_1_93' title='bbox 556 961 617 1012; x_wconf 92' lang='lat' dir='ltr'><strong>sit</strong></span> <span class='ocrx_word' id='word_1_94' title='bbox 660 961 752 1012; x_wconf 93' lang='lat' dir='ltr'><strong>illis</strong></span> <span class='ocrx_word' id='word_1_95' title='bbox 803 960 955 1026; x_wconf 88' lang='lat' dir='ltr'><strong>abuti,</strong></span> <span class='ocrx_word' id='word_1_96' title='bbox 1005 975 1149 1026; x_wconf 89' lang='lat' dir='ltr'><strong>quam</strong></span> <span class='ocrx_word' id='word_1_97' title='bbox 1194 962 1243 1010; x_wconf 90' lang='lat' dir='ltr'><strong>in</strong></span> <span class='ocrx_word' id='word_1_98' title='bbox 1292 961 1560 1027; x_wconf 92' lang='lat' dir='ltr'><strong>periculum</strong></span> <span class='ocrx_word' id='word_1_99' title='bbox 1597 959 1806 1030; x_wconf 77' lang='grc' dir='ltr'><strong><em>ἀξίωμα</em></strong></span> <span class='ocrx_word' id='word_1_100' title='bbox 1843 962 2088 1013; x_wconf 88' lang='lat' dir='ltr'><strong>adducere</strong></span> <span class='ocrx_word' id='word_1_101' title='bbox 2126 962 2374 1028; x_wconf 84' lang='lat' dir='ltr'><strong>omnibuS,</strong></span> <span class='ocrx_word' id='word_1_102' title='bbox 2424 963 2507 1029; x_wconf 91' lang='lat' dir='ltr'><strong>qui</strong></span> 
     </span>
     <span class='ocr_line' id='line_1_11' title="bbox 207 1048 2502 1121; baseline 0.003 -23"><span class='ocrx_word' id='word_1_103' title='bbox 207 1048 551 1102; x_wconf 90' lang='lat' dir='ltr'><strong>humanitatem</strong></span> <span class='ocrx_word' id='word_1_104' title='bbox 587 1068 686 1105; x_wconf 92' lang='lat' dir='ltr'><strong>non</strong></span> <span class='ocrx_word' id='word_1_105' title='bbox 724 1053 959 1119; x_wconf 80' lang='lat' dir='ltr'><strong>exuerint,</strong></span> <span class='ocrx_word' id='word_1_106' title='bbox 997 1052 1251 1118; x_wconf 89' lang='lat' dir='ltr'><strong>probatum</strong></span> <span class='ocrx_word' id='word_1_107' title='bbox 1281 1055 1357 1103; x_wconf 82' lang='lat'><strong>¹²:</strong></span> <span class='ocrx_word' id='word_1_108' title='bbox 1406 1053 1587 1105; x_wconf 90' lang='lat' dir='ltr'><strong>admitti</strong></span> <span class='ocrx_word' id='word_1_109' title='bbox 1624 1070 1847 1107; x_wconf 86' lang='lat' dir='ltr'><strong>caussam</strong></span> <span class='ocrx_word' id='word_1_110' title='bbox 1895 1060 2148 1121; x_wconf 88' lang='lat' dir='ltr'><strong>oportere,</strong></span> <span class='ocrx_word' id='word_1_111' title='bbox 2199 1054 2333 1104; x_wconf 92' lang='lat' dir='ltr'><strong>cuius</strong></span> <span class='ocrx_word' id='word_1_112' title='bbox 2382 1052 2502 1105; x_wconf 84' lang='lat' dir='ltr'><strong>effe-</strong></span> 
     </span>
     <span class='ocr_line' id='line_1_12' title="bbox 207 1143 2500 1213; baseline 0.003 -22"><span class='ocrx_word' id='word_1_113' title='bbox 207 1147 312 1192; x_wconf 89' lang='lat' dir='ltr'><strong>ctus</strong></span> <span class='ocrx_word' id='word_1_114' title='bbox 347 1146 522 1210; x_wconf 89' lang='lat' dir='ltr'><strong>negari</strong></span> <span class='ocrx_word' id='word_1_115' title='bbox 559 1161 657 1196; x_wconf 92' lang='lat' dir='ltr'><strong>non</strong></span> <span class='ocrx_word' id='word_1_116' title='bbox 691 1151 909 1213; x_wconf 85' lang='lat' dir='ltr'><strong>possunt.</strong></span> <span class='ocrx_word' id='word_1_117' title='bbox 970 1144 1151 1194; x_wconf 91' lang='lat' dir='ltr'><strong>Verum</strong></span> <span class='ocrx_word' id='word_1_118' title='bbox 1187 1143 1303 1194; x_wconf 90' lang='lat' dir='ltr'><strong>mihi</strong></span> <span class='ocrx_word' id='word_1_119' title='bbox 1337 1146 1518 1211; x_wconf 88' lang='lat' dir='ltr'><strong>pariter</strong></span> <span class='ocrx_word' id='word_1_120' title='bbox 1556 1152 1858 1213; x_wconf 89' lang='lat' dir='ltr'><strong>compertum</strong></span> <span class='ocrx_word' id='word_1_121' title='bbox 1895 1152 1983 1211; x_wconf 89' lang='lat' dir='ltr'><strong>est,</strong></span> <span class='ocrx_word' id='word_1_122' title='bbox 2022 1160 2358 1213; x_wconf 88' lang='lat' dir='ltr'><strong>quaecumque</strong></span> <span class='ocrx_word' id='word_1_123' title='bbox 2394 1153 2500 1198; x_wconf 90' lang='lat' dir='ltr'><strong>tan-</strong></span> 
     </span>
     <span class='ocr_line' id='line_1_13' title="bbox 204 1233 2499 1304; baseline 0.003 -21"><span class='ocrx_word' id='word_1_124' title='bbox 204 1233 513 1287; x_wconf 67' lang='lat' dir='ltr'><strong>dem1omnia</strong></span> <span class='ocrx_word' id='word_1_125' title='bbox 555 1252 645 1304; x_wconf 91' lang='lat' dir='ltr'><strong>pro</strong></span> <span class='ocrx_word' id='word_1_126' title='bbox 681 1237 822 1287; x_wconf 88' lang='lat' dir='ltr'><strong>huius</strong></span> <span class='ocrx_word' id='word_1_127' title='bbox 859 1251 1063 1287; x_wconf 86' lang='lat' dir='ltr'><strong>caussae</strong></span> <span class='ocrx_word' id='word_1_128' title='bbox 1097 1237 1366 1303; x_wconf 89' lang='lat' dir='ltr'><strong>patrocinio</strong></span> <span class='ocrx_word' id='word_1_129' title='bbox 1405 1238 1703 1290; x_wconf 88' lang='lat' dir='ltr'><strong>adducantur</strong></span> <span class='ocrx_word' id='word_1_130' title='bbox 1739 1239 1788 1288; x_wconf 91' lang='lat' dir='ltr'><strong>in</strong></span> <span class='ocrx_word' id='word_1_131' title='bbox 1823 1236 2052 1302; x_wconf 89' lang='lat' dir='ltr'><strong>medium,</strong></span> <span class='ocrx_word' id='word_1_132' title='bbox 2092 1253 2202 1288; x_wconf 89' lang='lat' dir='ltr'><strong>cum</strong></span> <span class='ocrx_word' id='word_1_133' title='bbox 2237 1237 2499 1289; x_wconf 88' lang='lat' dir='ltr'><strong>bibliorum</strong></span> 
     </span>
     <span class='ocr_line' id='line_1_14' title="bbox 203 1326 2493 1399; baseline 0.002 -24"><span class='ocrx_word' id='word_1_134' title='bbox 203 1326 489 1378; x_wconf 89' lang='lat' dir='ltr'><strong>testimoniis</strong></span> <span class='ocrx_word' id='word_1_135' title='bbox 526 1329 589 1379; x_wconf 88' lang='lat' dir='ltr'><strong>ita</strong></span> <span class='ocrx_word' id='word_1_136' title='bbox 628 1328 914 1395; x_wconf 89' lang='lat' dir='ltr'><strong>cohaerere,</strong></span> <span class='ocrx_word' id='word_1_137' title='bbox 952 1333 1002 1378; x_wconf 89' lang='lat' dir='ltr'><strong>ut</strong></span> <span class='ocrx_word' id='word_1_138' title='bbox 1038 1328 1231 1399; x_wconf 87' lang='lat' dir='ltr'><strong>nonnisi</strong></span> <span class='ocrx_word' id='word_1_139' title='bbox 1266 1330 1484 1395; x_wconf 92' lang='lat' dir='ltr'><strong>speciem</strong></span> <span class='ocrx_word' id='word_1_140' title='bbox 1501 1370 1514 1396; x_wconf 93' lang='lat'><strong>,</strong></span> <span class='ocrx_word' id='word_1_141' title='bbox 1559 1330 1833 1396; x_wconf 86' lang='lat' dir='ltr'><strong>faciemque</strong></span> <span class='ocrx_word' id='word_1_142' title='bbox 1867 1328 2085 1380; x_wconf 90' lang='lat' dir='ltr'><strong>referant</strong></span> <span class='ocrx_word' id='word_1_143' title='bbox 2121 1329 2493 1397; x_wconf 87' lang='lat' dir='ltr'><strong>expositionum,</strong></span> 
     </span>
     <span class='ocr_line' id='line_1_15' title="bbox 207 1417 2496 1488; baseline 0.002 -21"><span class='ocrx_word' id='word_1_144' title='bbox 207 1417 379 1482; x_wconf 91' lang='lat' dir='ltr'><strong>quibus</strong></span> <span class='ocrx_word' id='word_1_145' title='bbox 416 1419 495 1470; x_wconf 93' lang='lat' dir='ltr'><strong>illa</strong></span> <span class='ocrx_word' id='word_1_146' title='bbox 534 1421 813 1487; x_wconf 89' lang='lat' dir='ltr'><strong>aperiuntur</strong></span> <span class='ocrx_word' id='word_1_147' title='bbox 846 1420 1086 1487; x_wconf 87' lang='lat' dir='ltr'><strong>liquidius,</strong></span> <span class='ocrx_word' id='word_1_148' title='bbox 1124 1436 1183 1470; x_wconf 88' lang='lat' dir='ltr'><strong>ac</strong></span> <span class='ocrx_word' id='word_1_149' title='bbox 1218 1419 1518 1473; x_wconf 88' lang='lat' dir='ltr'><strong>manifestius</strong></span> <span class='ocrx_word' id='word_1_150' title='bbox 1557 1420 1877 1472; x_wconf 90' lang='lat' dir='ltr'><strong>declarantur.</strong></span> <span class='ocrx_word' id='word_1_151' title='bbox 1953 1420 2093 1480; x_wconf 87' lang='lat' dir='ltr'><strong>Quod</strong></span> <span class='ocrx_word' id='word_1_152' title='bbox 2129 1435 2258 1488; x_wconf 90' lang='lat' dir='ltr'><strong>eg0,</strong></span> <span class='ocrx_word' id='word_1_153' title='bbox 2303 1422 2372 1472; x_wconf 88' lang='lat' dir='ltr'><strong>uti</strong></span> <span class='ocrx_word' id='word_1_154' title='bbox 2408 1436 2496 1488; x_wconf 90' lang='lat' dir='ltr'><strong>par</strong></span> 
     </span>
     <span class='ocr_line' id='line_1_16' title="bbox 206 1511 2502 1580; baseline 0.002 -19"><span class='ocrx_word' id='word_1_155' title='bbox 206 1517 352 1577; x_wconf 89' lang='lat' dir='ltr'><strong>esset,</strong></span> <span class='ocrx_word' id='word_1_156' title='bbox 391 1518 617 1563; x_wconf 89' lang='lat' dir='ltr'><strong>accurate</strong></span> <span class='ocrx_word' id='word_1_157' title='bbox 657 1527 946 1579; x_wconf 84' lang='lat' dir='ltr'><strong>exequerer,</strong></span> <span class='ocrx_word' id='word_1_158' title='bbox 985 1518 1033 1563; x_wconf 90' lang='lat' dir='ltr'><strong>et</strong></span> <span class='ocrx_word' id='word_1_159' title='bbox 1067 1511 1260 1579; x_wconf 88' lang='lat' dir='ltr'><strong>singula</strong></span> <span class='ocrx_word' id='word_1_160' title='bbox 1298 1528 1522 1579; x_wconf 87' lang='lat' dir='ltr'><strong>quaeque</strong></span> <span class='ocrx_word' id='word_1_161' title='bbox 1560 1512 1880 1580; x_wconf 89' lang='lat' dir='ltr'><strong>expendendo</strong></span> <span class='ocrx_word' id='word_1_162' title='bbox 1917 1512 2262 1580; x_wconf 86' lang='lat' dir='ltr'><strong>patefacerem,</strong></span> <span class='ocrx_word' id='word_1_163' title='bbox 2299 1514 2392 1565; x_wconf 90' lang='lat' dir='ltr'><strong>nisi</strong></span> <span class='ocrx_word' id='word_1_164' title='bbox 2419 1529 2502 1567; x_wconf 89' lang='lat' dir='ltr'><strong>res</strong></span> 
     </span>
     <span class='ocr_line' id='line_1_17' title="bbox 205 1603 2494 1673; baseline 0.002 -20"><span class='ocrx_word' id='word_1_165' title='bbox 205 1603 443 1654; x_wconf 90' lang='lat' dir='ltr'><strong>eiusmodi</strong></span> <span class='ocrx_word' id='word_1_166' title='bbox 481 1603 621 1670; x_wconf 84' lang='lat' dir='ltr'><strong>foret,</strong></span> <span class='ocrx_word' id='word_1_167' title='bbox 662 1619 786 1670; x_wconf 90' lang='lat' dir='ltr'><strong>quae</strong></span> <span class='ocrx_word' id='word_1_168' title='bbox 825 1610 874 1654; x_wconf 93' lang='lat' dir='ltr'><strong>et</strong></span> <span class='ocrx_word' id='word_1_169' title='bbox 910 1619 995 1654; x_wconf 90' lang='lat' dir='ltr'><strong>sua</strong></span> <span class='ocrx_word' id='word_1_170' title='bbox 1033 1619 1087 1655; x_wconf 91' lang='lat' dir='ltr'><strong>se</strong></span> <span class='ocrx_word' id='word_1_171' title='bbox 1124 1604 1234 1655; x_wconf 91' lang='lat' dir='ltr'><strong>luce</strong></span> <span class='ocrx_word' id='word_1_172' title='bbox 1269 1604 1525 1671; x_wconf 81' lang='lat' dir='ltr'><strong>proderet,</strong></span> <span class='ocrx_word' id='word_1_173' title='bbox 1565 1620 1722 1672; x_wconf 92' lang='lat' dir='ltr'><strong>eoque</strong></span> <span class='ocrx_word' id='word_1_174' title='bbox 1760 1605 2022 1672; x_wconf 89' lang='lat' dir='ltr'><strong>splendore</strong></span> <span class='ocrx_word' id='word_1_175' title='bbox 2058 1606 2348 1673; x_wconf 86' lang='lat' dir='ltr'><strong>nitesceret,</strong></span> <span class='ocrx_word' id='word_1_176' title='bbox 2398 1620 2494 1673; x_wconf 91' lang='lat' dir='ltr'><strong>quo</strong></span> 
     </span>
     <span class='ocr_line' id='line_1_18' title="bbox 205 1694 1616 1763; baseline 0.002 -18"><span class='ocrx_word' id='word_1_177' title='bbox 205 1709 377 1746; x_wconf 89' lang='lat' dir='ltr'><strong>omnes</strong></span> <span class='ocrx_word' id='word_1_178' title='bbox 416 1695 721 1747; x_wconf 90' lang='lat' dir='ltr'><strong>dubitationis</strong></span> <span class='ocrx_word' id='word_1_179' title='bbox 757 1695 959 1746; x_wconf 91' lang='lat' dir='ltr'><strong>umbrae</strong></span> <span class='ocrx_word' id='word_1_180' title='bbox 996 1694 1206 1746; x_wconf 89' lang='lat' dir='ltr'><strong>funditus</strong></span> <span class='ocrx_word' id='word_1_181' title='bbox 1244 1696 1616 1763; x_wconf 81' lang='lat' dir='ltr'><strong>depellerentur.</strong></span> 
     </span>
    </p>

    <p class='ocr_par' dir='ltr' id='par_1_3' title="bbox 199 1772 2495 2594">
     <span class='ocr_line' id='line_1_19' title="bbox 388 1772 2495 1855; baseline 0.002 -18"><span class='ocrx_word' id='word_1_182' title='bbox 388 1791 463 1838; x_wconf 90' lang='grc'><strong>14.</strong></span> <span class='ocrx_word' id='word_1_183' title='bbox 526 1787 845 1839; x_wconf 88' lang='lat' dir='ltr'><strong>Consulantur</strong></span> <span class='ocrx_word' id='word_1_184' title='bbox 897 1789 1148 1839; x_wconf 89' lang='lat' dir='ltr'><strong>enimvero</strong></span> <span class='ocrx_word' id='word_1_185' title='bbox 1199 1804 1323 1854; x_wconf 90' lang='lat' dir='ltr'><strong>quae</strong></span> <span class='ocrx_word' id='word_1_186' title='bbox 1358 1772 1570 1855; x_wconf 25' lang='lat' dir='ltr'><strong>*plurima</strong></span> <span class='ocrx_word' id='word_1_187' title='bbox 1609 1794 1773 1840; x_wconf 87' lang='lat' dir='ltr'><strong>extant</strong></span> <span class='ocrx_word' id='word_1_188' title='bbox 1808 1788 1868 1839; x_wconf 92' lang='lat' dir='ltr'><strong>de</strong></span> <span class='ocrx_word' id='word_1_189' title='bbox 1905 1787 2073 1855; x_wconf 84' lang='lat' dir='ltr'><strong>Petr0,</strong></span> <span class='ocrx_word' id='word_1_190' title='bbox 2113 1788 2316 1855; x_wconf 86' lang='lat' dir='ltr'><strong>eiusque</strong></span> <span class='ocrx_word' id='word_1_191' title='bbox 2352 1803 2495 1841; x_wconf 87' lang='lat' dir='ltr'><strong>orna-</strong></span> 
     </span>
     <span class='ocr_line' id='line_1_20' title="bbox 203 1880 2494 1948; baseline 0.001 -19"><span class='ocrx_word' id='word_1_192' title='bbox 203 1880 377 1931; x_wconf 89' lang='lat' dir='ltr'><strong>mentis</strong></span> <span class='ocrx_word' id='word_1_193' title='bbox 416 1880 541 1931; x_wconf 88' lang='lat' dir='ltr'><strong>edita</strong></span> <span class='ocrx_word' id='word_1_194' title='bbox 580 1896 745 1948; x_wconf 90' lang='lat' dir='ltr'><strong>opera,</strong></span> <span class='ocrx_word' id='word_1_195' title='bbox 783 1897 944 1947; x_wconf 90' lang='lat' dir='ltr'><strong>neque</strong></span> <span class='ocrx_word' id='word_1_196' title='bbox 983 1880 1171 1930; x_wconf 90' lang='lat' dir='ltr'><strong>minora</strong></span> <span class='ocrx_word' id='word_1_197' title='bbox 1208 1880 1380 1947; x_wconf 87' lang='lat' dir='ltr'><strong>solum,</strong></span> <span class='ocrx_word' id='word_1_198' title='bbox 1419 1887 1467 1931; x_wconf 89' lang='lat' dir='ltr'><strong>et</strong></span> <span class='ocrx_word' id='word_1_199' title='bbox 1492 1897 1615 1948; x_wconf 91' lang='lat' dir='ltr'><strong>quae</strong></span> <span class='ocrx_word' id='word_1_200' title='bbox 1641 1880 1954 1932; x_wconf 88' lang='lat' dir='ltr'><strong>informandis</strong></span> <span class='ocrx_word' id='word_1_201' title='bbox 1979 1880 2188 1946; x_wconf 90' lang='lat' dir='ltr'><strong>primum</strong></span> <span class='ocrx_word' id='word_1_202' title='bbox 2213 1880 2494 1948; x_wconf 76' lang='lat' dir='ltr'><strong>theologiae</strong></span> 
     </span>
     <span class='ocr_line' id='line_1_21' title="bbox 203 1971 2493 2039; baseline 0.001 -17"><span class='ocrx_word' id='word_1_203' title='bbox 203 1971 406 2023; x_wconf 91' lang='lat' dir='ltr'><strong>alumnis</strong></span> <span class='ocrx_word' id='word_1_204' title='bbox 444 1974 727 2039; x_wconf 91' lang='lat' dir='ltr'><strong>inserviunt,</strong></span> <span class='ocrx_word' id='word_1_205' title='bbox 766 1973 854 2024; x_wconf 91' lang='lat' dir='ltr'><strong>sed</strong></span> <span class='ocrx_word' id='word_1_206' title='bbox 891 1973 1102 2023; x_wconf 87' lang='lat' dir='ltr'><strong>maxima</strong></span> <span class='ocrx_word' id='word_1_207' title='bbox 1140 1988 1198 2023; x_wconf 93' lang='lat' dir='ltr'><strong>ac</strong></span> <span class='ocrx_word' id='word_1_208' title='bbox 1230 1973 1495 2039; x_wconf 89' lang='lat' dir='ltr'><strong>potissima,</strong></span> <span class='ocrx_word' id='word_1_209' title='bbox 1535 1979 1769 2039; x_wconf 90' lang='lat' dir='ltr'><strong>quotquot</strong></span> <span class='ocrx_word' id='word_1_210' title='bbox 1804 1975 1854 2024; x_wconf 91' lang='lat' dir='ltr'><strong>in</strong></span> <span class='ocrx_word' id='word_1_211' title='bbox 1887 1971 2178 2023; x_wconf 91' lang='lat' dir='ltr'><strong>Roccaberti</strong></span> <span class='ocrx_word' id='word_1_212' title='bbox 2194 1971 2493 2024; x_wconf 86' lang='lat' dir='ltr'><strong>Bibliotheca</strong></span> 
     </span>
     <span class='ocr_line' id='line_1_22' title="bbox 201 2064 2494 2132; baseline 0 -17"><span class='ocrx_word' id='word_1_213' title='bbox 201 2064 432 2131; x_wconf 90' lang='lat' dir='ltr'><strong>pluribus,</strong></span> <span class='ocrx_word' id='word_1_214' title='bbox 470 2066 627 2132; x_wconf 92' lang='lat' dir='ltr'><strong>iisque</strong></span> <span class='ocrx_word' id='word_1_215' title='bbox 662 2065 1047 2132; x_wconf 85' lang='lat' dir='ltr'><strong>praegrandibus</strong></span> <span class='ocrx_word' id='word_1_216' title='bbox 1084 2065 1407 2117; x_wconf 90' lang='lat' dir='ltr'><strong>voluminibus</strong></span> <span class='ocrx_word' id='word_1_217' title='bbox 1445 2065 1773 2117; x_wconf 88' lang='lat' dir='ltr'><strong>continentur:</strong></span> <span class='ocrx_word' id='word_1_218' title='bbox 1810 2065 1886 2116; x_wconf 93' lang='lat' dir='ltr'><strong>his</strong></span> <span class='ocrx_word' id='word_1_219' title='bbox 1910 2064 2146 2116; x_wconf 87' lang='lat' dir='ltr'><strong>addantur</strong></span> <span class='ocrx_word' id='word_1_220' title='bbox 2170 2079 2295 2131; x_wconf 85' lang='lat' dir='ltr'><strong>quae</strong></span> <span class='ocrx_word' id='word_1_221' title='bbox 2313 2064 2494 2131; x_wconf 87' lang='lat' dir='ltr'><strong>publici</strong></span> 
     </span>
     <span class='ocr_line' id='line_1_23' title="bbox 201 2154 2491 2227; baseline 0.001 -22"><span class='ocrx_word' id='word_1_222' title='bbox 201 2154 423 2208; x_wconf 91' lang='lat' dir='ltr'><strong>fecerunt</strong></span> <span class='ocrx_word' id='word_1_223' title='bbox 459 2158 588 2227; x_wconf 86' lang='lat' dir='ltr'><strong>iuris</strong></span> <span class='ocrx_word' id='word_1_224' title='bbox 611 2157 897 2208; x_wconf 91' lang='lat' dir='ltr'><strong>Emmanuel</strong></span> <span class='ocrx_word' id='word_1_225' title='bbox 935 2156 1258 2224; x_wconf 89' lang='lat' dir='ltr'><strong>Schelstrate,</strong></span> <span class='ocrx_word' id='word_1_226' title='bbox 1309 2158 1576 2210; x_wconf 88' lang='lat' dir='ltr'><strong>Cardinalis</strong></span> <span class='ocrx_word' id='word_1_227' title='bbox 1613 2158 1750 2224; x_wconf 87' lang='lat' dir='ltr'><strong>Orsi,</strong></span> <span class='ocrx_word' id='word_1_228' title='bbox 1795 2156 2092 2208; x_wconf 89' lang='lat' dir='ltr'><strong>Mamachius</strong></span> <span class='ocrx_word' id='word_1_229' title='bbox 2138 2156 2190 2206; x_wconf 88' lang='lat' dir='ltr'><strong>in</strong></span> <span class='ocrx_word' id='word_1_230' title='bbox 2225 2156 2392 2222; x_wconf 91' lang='lat' dir='ltr'><strong>quinto</strong></span> <span class='ocrx_word' id='word_1_231' title='bbox 2429 2156 2491 2208; x_wconf 87' lang='lat' dir='ltr'><strong>de</strong></span> 
     </span>
     <span class='ocr_line' id='line_1_24' title="bbox 203 2247 2490 2318; baseline 0.001 -21"><span class='ocrx_word' id='word_1_232' title='bbox 203 2247 482 2314; x_wconf 87' lang='lat' dir='ltr'><strong>Originibus</strong></span> <span class='ocrx_word' id='word_1_233' title='bbox 518 2256 677 2316; x_wconf 91' lang='lat' dir='ltr'><strong>tom0,</strong></span> <span class='ocrx_word' id='word_1_234' title='bbox 724 2250 953 2301; x_wconf 91' lang='lat' dir='ltr'><strong>Zaccaria</strong></span> <span class='ocrx_word' id='word_1_235' title='bbox 987 2251 1035 2300; x_wconf 93' lang='lat' dir='ltr'><strong>in</strong></span> <span class='ocrx_word' id='word_1_236' title='bbox 1071 2257 1277 2317; x_wconf 91' lang='lat' dir='ltr'><strong>utroque</strong></span> <span class='ocrx_word' id='word_1_237' title='bbox 1323 2250 1546 2302; x_wconf 89' lang='lat' dir='ltr'><strong>distincto</strong></span> <span class='ocrx_word' id='word_1_238' title='bbox 1585 2265 1764 2318; x_wconf 92' lang='lat' dir='ltr'><strong>opere,</strong></span> <span class='ocrx_word' id='word_1_239' title='bbox 1813 2264 1921 2299; x_wconf 91' lang='lat' dir='ltr'><strong>cum</strong></span> <span class='ocrx_word' id='word_1_240' title='bbox 1957 2248 2133 2313; x_wconf 90' lang='lat' dir='ltr'><strong>latin0,</strong></span> <span class='ocrx_word' id='word_1_241' title='bbox 2179 2253 2278 2298; x_wconf 90' lang='lat' dir='ltr'><strong>tum</strong></span> <span class='ocrx_word' id='word_1_242' title='bbox 2314 2247 2490 2315; x_wconf 83' lang='lat' dir='ltr'><strong>italicO,</strong></span> 
     </span>
     <span class='ocr_line' id='line_1_25' title="bbox 203 2339 2494 2409; baseline 0.001 -20"><span class='ocrx_word' id='word_1_243' title='bbox 203 2339 333 2405; x_wconf 90' lang='lat' dir='ltr'><strong>quod</strong></span> <span class='ocrx_word' id='word_1_244' title='bbox 379 2339 883 2393; x_wconf 90' lang='lat' dir='ltr'><strong>Anti-Febbronium</strong></span> <span class='ocrx_word' id='word_1_245' title='bbox 928 2343 1195 2409; x_wconf 91' lang='lat' dir='ltr'><strong>inscripsit,</strong></span> <span class='ocrx_word' id='word_1_246' title='bbox 1254 2342 1493 2394; x_wconf 88' lang='lat' dir='ltr'><strong>Gerdilius</strong></span> <span class='ocrx_word' id='word_1_247' title='bbox 1538 2343 1586 2392; x_wconf 92' lang='lat' dir='ltr'><strong>in</strong></span> <span class='ocrx_word' id='word_1_248' title='bbox 1620 2340 2075 2404; x_wconf 88' lang='lat' dir='ltr'><strong>Dissertationibus‚</strong></span> <span class='ocrx_word' id='word_1_249' title='bbox 2120 2339 2409 2407; x_wconf 89' lang='lat' dir='ltr'><strong>Bolgenium</strong></span> <span class='ocrx_word' id='word_1_250' title='bbox 2444 2342 2494 2392; x_wconf 92' lang='lat' dir='ltr'><strong>in</strong></span> 
     </span>
     <span class='ocr_line' id='line_1_26' title="bbox 199 2430 2491 2501; baseline 0.001 -22"><span class='ocrx_word' id='word_1_251' title='bbox 199 2430 333 2482; x_wconf 90' lang='lat' dir='ltr'><strong>libris</strong></span> <span class='ocrx_word' id='word_1_252' title='bbox 370 2431 431 2483; x_wconf 92' lang='lat' dir='ltr'><strong>de</strong></span> <span class='ocrx_word' id='word_1_253' title='bbox 468 2432 790 2500; x_wconf 89' lang='lat' dir='ltr'><strong>Episcopatu:</strong></span> <span class='ocrx_word' id='word_1_254' title='bbox 830 2450 887 2485; x_wconf 89' lang='lat' dir='ltr'><strong>ac</strong></span> <span class='ocrx_word' id='word_1_255' title='bbox 922 2449 1040 2500; x_wconf 90' lang='lat' dir='ltr'><strong>prae</strong></span> <span class='ocrx_word' id='word_1_256' title='bbox 1076 2434 1277 2501; x_wconf 90' lang='lat' dir='ltr'><strong>reliquis</strong></span> <span class='ocrx_word' id='word_1_257' title='bbox 1307 2437 1347 2461; x_wconf 87' lang='lat'><strong>¹³</strong></span> <span class='ocrx_word' id='word_1_258' title='bbox 1389 2435 1558 2486; x_wconf 90' lang='lat' dir='ltr'><strong>Petrus</strong></span> <span class='ocrx_word' id='word_1_259' title='bbox 1593 2433 1880 2485; x_wconf 91' lang='lat' dir='ltr'><strong>Ballerinius</strong></span> <span class='ocrx_word' id='word_1_260' title='bbox 1920 2432 1981 2484; x_wconf 90' lang='lat' dir='ltr'><strong>de</strong></span> <span class='ocrx_word' id='word_1_261' title='bbox 2018 2433 2066 2482; x_wconf 93' lang='lat' dir='ltr'><strong>vi</strong></span> <span class='ocrx_word' id='word_1_262' title='bbox 2102 2437 2151 2482; x_wconf 90' lang='lat' dir='ltr'><strong>et</strong></span> <span class='ocrx_word' id='word_1_263' title='bbox 2183 2433 2372 2483; x_wconf 88' lang='lat' dir='ltr'><strong>ratione</strong></span> <span class='ocrx_word' id='word_1_264' title='bbox 2390 2432 2491 2483; x_wconf 87' lang='lat' dir='ltr'><strong>Pri-</strong></span> 
     </span>
     <span class='ocr_line' id='line_1_27' title="bbox 202 2523 2489 2594; baseline 0.002 -23"><span class='ocrx_word' id='word_1_265' title='bbox 202 2528 383 2589; x_wconf 71' lang='lat' dir='ltr'><strong>matus,</strong></span> <span class='ocrx_word' id='word_1_266' title='bbox 420 2530 520 2574; x_wconf 90' lang='lat' dir='ltr'><strong>tum</strong></span> <span class='ocrx_word' id='word_1_267' title='bbox 558 2526 836 2592; x_wconf 90' lang='lat' dir='ltr'><strong>inspiciatur</strong></span> <span class='ocrx_word' id='word_1_268' title='bbox 870 2525 1068 2593; x_wconf 90' lang='lat' dir='ltr'><strong>sedu10,</strong></span> <span class='ocrx_word' id='word_1_269' title='bbox 1107 2533 1156 2578; x_wconf 92' lang='lat' dir='ltr'><strong>et</strong></span> <span class='ocrx_word' id='word_1_270' title='bbox 1190 2542 1377 2579; x_wconf 91' lang='lat' dir='ltr'><strong>summa</strong></span> <span class='ocrx_word' id='word_1_271' title='bbox 1415 2542 1508 2594; x_wconf 93' lang='lat' dir='ltr'><strong>qua</strong></span> <span class='ocrx_word' id='word_1_272' title='bbox 1543 2525 1651 2577; x_wconf 90' lang='lat' dir='ltr'><strong>fieri</strong></span> <span class='ocrx_word' id='word_1_273' title='bbox 1688 2540 1803 2576; x_wconf 90' lang='lat' dir='ltr'><strong>cura</strong></span> <span class='ocrx_word' id='word_1_274' title='bbox 1838 2530 2019 2591; x_wconf 87' lang='lat' dir='ltr'><strong>potest,</strong></span> <span class='ocrx_word' id='word_1_275' title='bbox 2067 2523 2489 2591; x_wconf 90' lang='lat' dir='ltr'><strong>animadvertatur,</strong></span> 
     </span>
    </p>
   </div>
   <div class='ocr_carea' id='block_1_3' title="bbox 198 2706 1307 4015">
    <p class='ocr_par' dir='ltr' id='par_1_4' title="bbox 198 2706 1307 4015">
     <span class='ocr_line' id='line_1_28' title="bbox 308 2706 1306 2767; baseline 0.001 -16"><span class='ocrx_word' id='word_1_276' title='bbox 308 2706 378 2767; x_wconf 76' lang='lat'><strong>¹²)</strong></span> <span class='ocrx_word' id='word_1_277' title='bbox 414 2707 521 2752; x_wconf 90' lang='lat' dir='ltr'><strong>Puto</strong></span> <span class='ocrx_word' id='word_1_278' title='bbox 558 2709 671 2752; x_wconf 91' lang='lat' dir='ltr'><strong>enim</strong></span> <span class='ocrx_word' id='word_1_279' title='bbox 706 2708 1051 2753; x_wconf 89' lang='lat' dir='ltr'><strong>ecclesiasticam</strong></span> <span class='ocrx_word' id='word_1_280' title='bbox 1074 2707 1306 2753; x_wconf 87' lang='lat' dir='ltr'><strong>historiam</strong></span> 
     </span>
     <span class='ocr_line' id='line_1_29' title="bbox 203 2796 1307 2857; baseline 0.001 -17"><span class='ocrx_word' id='word_1_281' title='bbox 203 2809 290 2841; x_wconf 91' lang='lat' dir='ltr'><strong>non</strong></span> <span class='ocrx_word' id='word_1_282' title='bbox 326 2798 466 2841; x_wconf 91' lang='lat' dir='ltr'><strong>minus</strong></span> <span class='ocrx_word' id='word_1_283' title='bbox 503 2802 621 2842; x_wconf 87' lang='lat' dir='ltr'><strong>arcte</strong></span> <span class='ocrx_word' id='word_1_284' title='bbox 657 2810 753 2841; x_wconf 90' lang='lat' dir='ltr'><strong>cum</strong></span> <span class='ocrx_word' id='word_1_285' title='bbox 789 2796 902 2842; x_wconf 89' lang='lat' dir='ltr'><strong>Petri</strong></span> <span class='ocrx_word' id='word_1_286' title='bbox 929 2798 1119 2857; x_wconf 87' lang='lat' dir='ltr'><strong>primatu</strong></span> <span class='ocrx_word' id='word_1_287' title='bbox 1143 2797 1307 2842; x_wconf 88' lang='lat' dir='ltr'><strong>cohae-</strong></span> 
     </span>
     <span class='ocr_line' id='line_1_30' title="bbox 203 2884 1306 2945; baseline 0.003 -17"><span class='ocrx_word' id='word_1_288' title='bbox 203 2898 314 2945; x_wconf 88' lang='lat' dir='ltr'><strong>rere,</strong></span> <span class='ocrx_word' id='word_1_289' title='bbox 354 2898 482 2943; x_wconf 89' lang='lat' dir='ltr'><strong>quam</strong></span> <span class='ocrx_word' id='word_1_290' title='bbox 517 2884 702 2929; x_wconf 87' lang='lat' dir='ltr'><strong>historia</strong></span> <span class='ocrx_word' id='word_1_291' title='bbox 738 2898 900 2942; x_wconf 89' lang='lat' dir='ltr'><strong>graeca</strong></span> <span class='ocrx_word' id='word_1_292' title='bbox 935 2899 1031 2931; x_wconf 92' lang='lat' dir='ltr'><strong>cum</strong></span> <span class='ocrx_word' id='word_1_293' title='bbox 1065 2885 1306 2931; x_wconf 86' lang='lat' dir='ltr'><strong>Alexandri</strong></span> 
     </span>
     <span class='ocr_line' id='line_1_31' title="bbox 202 2974 1306 3034; baseline 0.002 -16"><span class='ocrx_word' id='word_1_294' title='bbox 202 2975 431 3034; x_wconf 83' lang='lat' dir='ltr'><strong>victoriiS,</strong></span> <span class='ocrx_word' id='word_1_295' title='bbox 483 2978 527 3018; x_wconf 87' lang='lat' dir='ltr'><strong>et</strong></span> <span class='ocrx_word' id='word_1_296' title='bbox 568 2986 751 3018; x_wconf 88' lang='lat' dir='ltr'><strong>romana</strong></span> <span class='ocrx_word' id='word_1_297' title='bbox 797 2987 894 3019; x_wconf 92' lang='lat' dir='ltr'><strong>cum</strong></span> <span class='ocrx_word' id='word_1_298' title='bbox 929 2975 1159 3033; x_wconf 86' lang='lat' dir='ltr'><strong>triumphis</strong></span> <span class='ocrx_word' id='word_1_299' title='bbox 1195 2974 1306 3020; x_wconf 89' lang='lat' dir='ltr'><strong>Cae-</strong></span> 
     </span>
     <span class='ocr_line' id='line_1_32' title="bbox 198 3062 1306 3121; baseline 0.003 -14"><span class='ocrx_word' id='word_1_300' title='bbox 198 3064 312 3108; x_wconf 89' lang='lat' dir='ltr'><strong>saris</strong></span> <span class='ocrx_word' id='word_1_301' title='bbox 386 3062 625 3121; x_wconf 91' lang='lat' dir='ltr'><strong>copuletur.</strong></span> <span class='ocrx_word' id='word_1_302' title='bbox 741 3063 867 3108; x_wconf 91' lang='lat' dir='ltr'><strong>Sicut</strong></span> <span class='ocrx_word' id='word_1_303' title='bbox 925 3076 1034 3121; x_wconf 88' lang='lat' dir='ltr'><strong>ergo</strong></span> <span class='ocrx_word' id='word_1_304' title='bbox 1097 3064 1306 3110; x_wconf 89' lang='lat' dir='ltr'><strong>incolumi</strong></span> 
     </span>
     <span class='ocr_line' id='line_1_33' title="bbox 202 3151 1304 3212; baseline 0.002 -15"><span class='ocrx_word' id='word_1_305' title='bbox 202 3158 384 3211; x_wconf 86' lang='lat' dir='ltr'><strong>utraque</strong></span> <span class='ocrx_word' id='word_1_306' title='bbox 418 3151 619 3212; x_wconf 86' lang='lat' dir='ltr'><strong>historia,</strong></span> <span class='ocrx_word' id='word_1_307' title='bbox 655 3164 817 3209; x_wconf 86' lang='lat' dir='ltr'><strong>graeca</strong></span> <span class='ocrx_word' id='word_1_308' title='bbox 854 3157 899 3197; x_wconf 86' lang='lat' dir='ltr'><strong>et</strong></span> <span class='ocrx_word' id='word_1_309' title='bbox 931 3165 1128 3211; x_wconf 86' lang='lat' dir='ltr'><strong>romana,</strong></span> <span class='ocrx_word' id='word_1_310' title='bbox 1165 3168 1304 3212; x_wconf 88' lang='lat' dir='ltr'><strong>neque</strong></span> 
     </span>
     <span class='ocr_line' id='line_1_34' title="bbox 202 3239 1305 3299; baseline 0 -13"><span class='ocrx_word' id='word_1_311' title='bbox 202 3241 442 3286; x_wconf 88' lang='lat' dir='ltr'><strong>Alexandri</strong></span> <span class='ocrx_word' id='word_1_312' title='bbox 475 3240 706 3299; x_wconf 89' lang='lat' dir='ltr'><strong>victoriae,</strong></span> <span class='ocrx_word' id='word_1_313' title='bbox 739 3253 880 3298; x_wconf 89' lang='lat' dir='ltr'><strong>neque</strong></span> <span class='ocrx_word' id='word_1_314' title='bbox 916 3239 1119 3287; x_wconf 83' lang='lat' dir='ltr'><strong>Caesaris</strong></span> <span class='ocrx_word' id='word_1_315' title='bbox 1154 3244 1305 3287; x_wconf 88' lang='lat' dir='ltr'><strong>trium-</strong></span> 
     </span>
     <span class='ocr_line' id='line_1_35' title="bbox 201 3329 1304 3390; baseline -0.001 -15"><span class='ocrx_word' id='word_1_316' title='bbox 201 3331 276 3390; x_wconf 91' lang='lat' dir='ltr'><strong>phi</strong></span> <span class='ocrx_word' id='word_1_317' title='bbox 311 3331 466 3388; x_wconf 88' lang='lat' dir='ltr'><strong>negari</strong></span> <span class='ocrx_word' id='word_1_318' title='bbox 498 3334 710 3390; x_wconf 80' lang='lat' dir='ltr'><strong>possunt3</strong></span> <span class='ocrx_word' id='word_1_319' title='bbox 744 3331 819 3389; x_wconf 87' lang='lat' dir='ltr'><strong>ita,</strong></span> <span class='ocrx_word' id='word_1_320' title='bbox 857 3330 958 3388; x_wconf 88' lang='lat' dir='ltr'><strong>quin</strong></span> <span class='ocrx_word' id='word_1_321' title='bbox 994 3334 1089 3374; x_wconf 89' lang='lat' dir='ltr'><strong>tota</strong></span> <span class='ocrx_word' id='word_1_322' title='bbox 1122 3329 1304 3375; x_wconf 90' lang='lat' dir='ltr'><strong>subver-</strong></span> 
     </span>
     <span class='ocr_line' id='line_1_36' title="bbox 203 3418 1303 3478; baseline 0.001 -15"><span class='ocrx_word' id='word_1_323' title='bbox 203 3424 318 3463; x_wconf 89' lang='lat' dir='ltr'><strong>tatur</strong></span> <span class='ocrx_word' id='word_1_324' title='bbox 360 3418 664 3463; x_wconf 88' lang='lat' dir='ltr'><strong>ecclesiastica</strong></span> <span class='ocrx_word' id='word_1_325' title='bbox 706 3418 921 3478; x_wconf 86' lang='lat' dir='ltr'><strong>historia,</strong></span> <span class='ocrx_word' id='word_1_326' title='bbox 968 3418 1093 3463; x_wconf 83' lang='lat' dir='ltr'><strong>nefas</strong></span> <span class='ocrx_word' id='word_1_327' title='bbox 1139 3424 1208 3463; x_wconf 88' lang='lat' dir='ltr'><strong>est</strong></span> <span class='ocrx_word' id='word_1_328' title='bbox 1250 3419 1303 3464; x_wconf 90' lang='lat' dir='ltr'><strong>de</strong></span> 
     </span>
     <span class='ocr_line' id='line_1_37' title="bbox 203 3505 1306 3566; baseline 0 -14"><span class='ocrx_word' id='word_1_329' title='bbox 203 3507 316 3552; x_wconf 83' lang='lat' dir='ltr'><strong>Petri</strong></span> <span class='ocrx_word' id='word_1_330' title='bbox 349 3509 539 3566; x_wconf 89' lang='lat' dir='ltr'><strong>primatu</strong></span> <span class='ocrx_word' id='word_1_331' title='bbox 573 3506 792 3553; x_wconf 88' lang='lat' dir='ltr'><strong>dubitare.</strong></span> <span class='ocrx_word' id='word_1_332' title='bbox 849 3505 1023 3552; x_wconf 86' lang='lat' dir='ltr'><strong>Etenim</strong></span> <span class='ocrx_word' id='word_1_333' title='bbox 1056 3521 1144 3553; x_wconf 88' lang='lat' dir='ltr'><strong>non</strong></span> <span class='ocrx_word' id='word_1_334' title='bbox 1180 3508 1306 3553; x_wconf 87' lang='lat' dir='ltr'><strong>aliter</strong></span> 
     </span>
     <span class='ocr_line' id='line_1_38' title="bbox 202 3596 1304 3655; baseline -0.001 -13"><span class='ocrx_word' id='word_1_335' title='bbox 202 3609 351 3642; x_wconf 90' lang='lat' dir='ltr'><strong>eorum</strong></span> <span class='ocrx_word' id='word_1_336' title='bbox 386 3610 498 3655; x_wconf 91' lang='lat' dir='ltr'><strong>quae</strong></span> <span class='ocrx_word' id='word_1_337' title='bbox 533 3609 695 3655; x_wconf 87' lang='lat' dir='ltr'><strong>graeca</strong></span> <span class='ocrx_word' id='word_1_338' title='bbox 731 3601 776 3641; x_wconf 90' lang='lat' dir='ltr'><strong>et</strong></span> <span class='ocrx_word' id='word_1_339' title='bbox 796 3607 982 3641; x_wconf 86' lang='lat' dir='ltr'><strong>romana</strong></span> <span class='ocrx_word' id='word_1_340' title='bbox 1007 3596 1143 3641; x_wconf 90' lang='lat' dir='ltr'><strong>refert</strong></span> <span class='ocrx_word' id='word_1_341' title='bbox 1164 3596 1304 3641; x_wconf 90' lang='lat' dir='ltr'><strong>histo-</strong></span> 
     </span>
     <span class='ocr_line' id='line_1_39' title="bbox 200 3684 1302 3746; baseline 0 -15"><span class='ocrx_word' id='word_1_342' title='bbox 200 3688 291 3746; x_wconf 89' lang='lat' dir='ltr'><strong>ria,</strong></span> <span class='ocrx_word' id='word_1_343' title='bbox 338 3687 574 3743; x_wconf 78' lang='lat' dir='ltr'><strong>sufficiens</strong></span> <span class='ocrx_word' id='word_1_344' title='bbox 616 3688 737 3732; x_wconf 80' lang='lat' dir='ltr'><strong>ratio</strong></span> <span class='ocrx_word' id='word_1_345' title='bbox 782 3685 988 3731; x_wconf 82' lang='lat' dir='ltr'><strong>victoriis</strong></span> <span class='ocrx_word' id='word_1_346' title='bbox 1033 3684 1302 3746; x_wconf 85' lang='lat' dir='ltr'><strong>Alexandri,</strong></span> 
     </span>
     <span class='ocr_line' id='line_1_40' title="bbox 205 3774 1303 3835; baseline -0.001 -15"><span class='ocrx_word' id='word_1_347' title='bbox 205 3774 493 3833; x_wconf 86' lang='lat' dir='ltr'><strong>Caesarisque</strong></span> <span class='ocrx_word' id='word_1_348' title='bbox 549 3776 778 3834; x_wconf 88' lang='lat' dir='ltr'><strong>triumphis</strong></span> <span class='ocrx_word' id='word_1_349' title='bbox 838 3775 1107 3835; x_wconf 79' lang='lat' dir='ltr'><strong>continetur3</strong></span> <span class='ocrx_word' id='word_1_350' title='bbox 1176 3788 1303 3833; x_wconf 89' lang='lat' dir='ltr'><strong>quam</strong></span> 
     </span>
     <span class='ocr_line' id='line_1_41' title="bbox 203 3864 1303 3924; baseline 0.001 -16"><span class='ocrx_word' id='word_1_351' title='bbox 203 3869 446 3924; x_wconf 87' lang='lat' dir='ltr'><strong>gestorum,</strong></span> <span class='ocrx_word' id='word_1_352' title='bbox 482 3864 637 3923; x_wconf 86' lang='lat' dir='ltr'><strong>quibus</strong></span> <span class='ocrx_word' id='word_1_353' title='bbox 660 3865 961 3911; x_wconf 86' lang='lat' dir='ltr'><strong>ecclesiastica</strong></span> <span class='ocrx_word' id='word_1_354' title='bbox 990 3864 1177 3910; x_wconf 88' lang='lat' dir='ltr'><strong>historia</strong></span> <span class='ocrx_word' id='word_1_355' title='bbox 1196 3876 1303 3909; x_wconf 87' lang='lat' dir='ltr'><strong>con-</strong></span> 
     </span>
     <span class='ocr_line' id='line_1_42' title="bbox 204 3952 1004 4015; baseline 0.001 -17"><span class='ocrx_word' id='word_1_356' title='bbox 204 3958 307 4015; x_wconf 81' lang='lat' dir='ltr'><strong>stat,</strong></span> <span class='ocrx_word' id='word_1_357' title='bbox 342 3952 457 3998; x_wconf 88' lang='lat' dir='ltr'><strong>Petri</strong></span> <span class='ocrx_word' id='word_1_358' title='bbox 489 3954 680 4012; x_wconf 87' lang='lat' dir='ltr'><strong>primatu</strong></span> <span class='ocrx_word' id='word_1_359' title='bbox 713 3955 1004 4000; x_wconf 87' lang='lat' dir='ltr'><strong>contineatur.</strong></span> 
     </span>
    </p>
   </div>
   <div class='ocr_carea' id='block_1_4' title="bbox 311 4041 1305 4105">
    <p class='ocr_par' dir='ltr' id='par_1_5' title="bbox 311 4041 1305 4105">
     <span class='ocr_line' id='line_1_43' title="bbox 311 4041 1305 4105; baseline 0.001 -17"><span class='ocrx_word' id='word_1_360' title='bbox 311 4041 381 4104; x_wconf 84' lang='lat'><strong>¹³)</strong></span> <span class='ocrx_word' id='word_1_361' title='bbox 416 4041 545 4089; x_wconf 88' lang='lat' dir='ltr'><strong>Alios</strong></span> <span class='ocrx_word' id='word_1_362' title='bbox 579 4044 722 4105; x_wconf 86' lang='lat' dir='ltr'><strong>enim,</strong></span> <span class='ocrx_word' id='word_1_363' title='bbox 756 4055 923 4104; x_wconf 85' lang='lat' dir='ltr'><strong>eosque</strong></span> <span class='ocrx_word' id='word_1_364' title='bbox 956 4043 1138 4090; x_wconf 84' lang='lat' dir='ltr'><strong>omnino</strong></span> <span class='ocrx_word' id='word_1_365' title='bbox 1169 4041 1305 4103; x_wconf 84' lang='lat' dir='ltr'><strong>pluri-</strong></span> 
     </span>
    </p>
   </div>
   <div class='ocr_carea' id='block_1_5' title="bbox 1383 2704 2491 4102">
    <p class='ocr_par' dir='ltr' id='par_1_6' title="bbox 1383 2704 2491 4102">
     <span class='ocr_line' id='line_1_44' title="bbox 1390 2704 2490 2768; baseline -0.002 -14"><span class='ocrx_word' id='word_1_366' title='bbox 1390 2721 1488 2754; x_wconf 91' lang='lat' dir='ltr'><strong>mos</strong></span> <span class='ocrx_word' id='word_1_367' title='bbox 1534 2720 1714 2768; x_wconf 89' lang='lat' dir='ltr'><strong>possem</strong></span> <span class='ocrx_word' id='word_1_368' title='bbox 1764 2704 2033 2751; x_wconf 89' lang='lat' dir='ltr'><strong>recensendo</strong></span> <span class='ocrx_word' id='word_1_369' title='bbox 2086 2718 2349 2766; x_wconf 88' lang='lat' dir='ltr'><strong>memorare,</strong></span> <span class='ocrx_word' id='word_1_370' title='bbox 2396 2705 2490 2752; x_wconf 89' lang='lat' dir='ltr'><strong>An-</strong></span> 
     </span>
     <span class='ocr_line' id='line_1_45' title="bbox 1389 2794 2490 2854; baseline -0.003 -10"><span class='ocrx_word' id='word_1_371' title='bbox 1389 2799 1540 2844; x_wconf 88' lang='lat' dir='ltr'><strong>dream</strong></span> <span class='ocrx_word' id='word_1_372' title='bbox 1573 2795 1835 2854; x_wconf 89' lang='lat' dir='ltr'><strong>Duvallium,</strong></span> <span class='ocrx_word' id='word_1_373' title='bbox 1869 2794 1935 2842; x_wconf 89' lang='lat' dir='ltr'><strong>De</strong></span> <span class='ocrx_word' id='word_1_374' title='bbox 1969 2807 2171 2853; x_wconf 88' lang='lat' dir='ltr'><strong>suprema</strong></span> <span class='ocrx_word' id='word_1_375' title='bbox 2206 2794 2333 2839; x_wconf 87' lang='lat' dir='ltr'><strong>Rom.</strong></span> <span class='ocrx_word' id='word_1_376' title='bbox 2376 2794 2490 2841; x_wconf 90' lang='lat' dir='ltr'><strong>Pon-</strong></span> 
     </span>
     <span class='ocr_line' id='line_1_46' title="bbox 1390 2881 2488 2943; baseline -0.004 -10"><span class='ocrx_word' id='word_1_377' title='bbox 1390 2888 1521 2933; x_wconf 89' lang='lat' dir='ltr'><strong>tificis</strong></span> <span class='ocrx_word' id='word_1_378' title='bbox 1572 2887 1616 2931; x_wconf 88' lang='lat' dir='ltr'><strong>in</strong></span> <span class='ocrx_word' id='word_1_379' title='bbox 1672 2884 1904 2929; x_wconf 88' lang='lat' dir='ltr'><strong>ecclesiam</strong></span> <span class='ocrx_word' id='word_1_380' title='bbox 1949 2888 2195 2943; x_wconf 85' lang='lat' dir='ltr'><strong>potestate:</strong></span> <span class='ocrx_word' id='word_1_381' title='bbox 2246 2881 2488 2929; x_wconf 89' lang='lat' dir='ltr'><strong>Antonium</strong></span> 
     </span>
     <span class='ocr_line' id='line_1_47' title="bbox 1389 2970 2487 3034; baseline -0.002 -12"><span class='ocrx_word' id='word_1_382' title='bbox 1389 2975 1592 3034; x_wconf 84' lang='lat' dir='ltr'><strong>CharlaS,</strong></span> <span class='ocrx_word' id='word_1_383' title='bbox 1649 2973 1715 3018; x_wconf 92' lang='lat' dir='ltr'><strong>De</strong></span> <span class='ocrx_word' id='word_1_384' title='bbox 1767 2973 1957 3030; x_wconf 85' lang='lat' dir='ltr'><strong>primatu</strong></span> <span class='ocrx_word' id='word_1_385' title='bbox 2008 2970 2323 3018; x_wconf 87' lang='lat' dir='ltr'><strong>iurisdictionis</strong></span> <span class='ocrx_word' id='word_1_386' title='bbox 2387 2974 2487 3020; x_wconf 89' lang='lat' dir='ltr'><strong>adv.</strong></span> 
     </span>
     <span class='ocr_line' id='line_1_48' title="bbox 1387 3058 2484 3125; baseline -0.001 -15"><span class='ocrx_word' id='word_1_387' title='bbox 1387 3064 1493 3110; x_wconf 92' lang='lat' dir='ltr'><strong>Lud.</strong></span> <span class='ocrx_word' id='word_1_388' title='bbox 1536 3063 1673 3109; x_wconf 91' lang='lat' dir='ltr'><strong>Ellies</strong></span> <span class='ocrx_word' id='word_1_389' title='bbox 1706 3061 1874 3119; x_wconf 90' lang='lat' dir='ltr'><strong>Dupin:</strong></span> <span class='ocrx_word' id='word_1_390' title='bbox 1909 3058 2207 3104; x_wconf 77' lang='lat' dir='ltr'><strong>coelestinum</strong></span> <span class='ocrx_word' id='word_1_391' title='bbox 2241 3060 2484 3125; x_wconf 85' lang='lat' dir='ltr'><strong>Sfondrati,</strong></span> 
     </span>
     <span class='ocr_line' id='line_1_49' title="bbox 1389 3147 2488 3200; baseline -0.005 0"><span class='ocrx_word' id='word_1_392' title='bbox 1389 3154 1527 3200; x_wconf 89' lang='lat' dir='ltr'><strong>Gallia</strong></span> <span class='ocrx_word' id='word_1_393' title='bbox 1562 3151 1823 3198; x_wconf 75' lang='lat' dir='ltr'><strong>vindicata:</strong></span> <span class='ocrx_word' id='word_1_394' title='bbox 1858 3147 2085 3193; x_wconf 89' lang='lat' dir='ltr'><strong>Nicolaum</strong></span> <span class='ocrx_word' id='word_1_395' title='bbox 2117 3147 2287 3194; x_wconf 91' lang='lat' dir='ltr'><strong>Dubois</strong></span> <span class='ocrx_word' id='word_1_396' title='bbox 2322 3151 2366 3195; x_wconf 91' lang='lat' dir='ltr'><strong>in</strong></span> <span class='ocrx_word' id='word_1_397' title='bbox 2388 3151 2488 3197; x_wconf 89' lang='lat' dir='ltr'><strong>Dis-</strong></span> 
     </span>
     <span class='ocr_line' id='line_1_50' title="bbox 1388 3236 2491 3303; baseline -0.005 -14"><span class='ocrx_word' id='word_1_398' title='bbox 1388 3243 1620 3303; x_wconf 89' lang='lat' dir='ltr'><strong>quisitione</strong></span> <span class='ocrx_word' id='word_1_399' title='bbox 1681 3238 1937 3295; x_wconf 88' lang='lat' dir='ltr'><strong>theologico</strong></span> <span class='ocrx_word' id='word_1_400' title='bbox 1974 3261 1994 3269; x_wconf 92' lang='lat'>-</span> <span class='ocrx_word' id='word_1_401' title='bbox 2026 3236 2212 3282; x_wconf 87' lang='lat' dir='ltr'><strong>iuridica</strong></span> <span class='ocrx_word' id='word_1_402' title='bbox 2277 3239 2333 3284; x_wconf 91' lang='lat' dir='ltr'><strong>ad</strong></span> <span class='ocrx_word' id='word_1_403' title='bbox 2397 3241 2491 3300; x_wconf 90' lang='lat' dir='ltr'><strong>epi-</strong></span> 
     </span>
     <span class='ocr_line' id='line_1_51' title="bbox 1388 3324 2489 3391; baseline -0.002 -14"><span class='ocrx_word' id='word_1_404' title='bbox 1388 3343 1553 3391; x_wconf 89' lang='lat' dir='ltr'><strong>scopos</strong></span> <span class='ocrx_word' id='word_1_405' title='bbox 1567 3329 1761 3375; x_wconf 88' lang='lat' dir='ltr'><strong>Galliae:</strong></span> <span class='ocrx_word' id='word_1_406' title='bbox 1795 3327 2084 3372; x_wconf 89' lang='lat' dir='ltr'><strong>Hermannum</strong></span> <span class='ocrx_word' id='word_1_407' title='bbox 2104 3324 2271 3372; x_wconf 87' lang='lat' dir='ltr'><strong>Damen</strong></span> <span class='ocrx_word' id='word_1_408' title='bbox 2307 3329 2349 3373; x_wconf 91' lang='lat' dir='ltr'><strong>in</strong></span> <span class='ocrx_word' id='word_1_409' title='bbox 2369 3327 2489 3375; x_wconf 90' lang='lat' dir='ltr'><strong>Orat.</strong></span> 
     </span>
     <span class='ocr_line' id='line_1_52' title="bbox 1389 3414 2487 3479; baseline -0.004 -12"><span class='ocrx_word' id='word_1_410' title='bbox 1389 3422 1445 3467; x_wconf 89' lang='lat' dir='ltr'><strong>de</strong></span> <span class='ocrx_word' id='word_1_411' title='bbox 1480 3419 1685 3466; x_wconf 89' lang='lat' dir='ltr'><strong>cathedra</strong></span> <span class='ocrx_word' id='word_1_412' title='bbox 1719 3417 1849 3477; x_wconf 88' lang='lat' dir='ltr'><strong>Petri,</strong></span> <span class='ocrx_word' id='word_1_413' title='bbox 1885 3421 1932 3461; x_wconf 89' lang='lat' dir='ltr'><strong>ut</strong></span> <span class='ocrx_word' id='word_1_414' title='bbox 1965 3420 2035 3460; x_wconf 86' lang='lat' dir='ltr'><strong>est</strong></span> <span class='ocrx_word' id='word_1_415' title='bbox 2067 3414 2219 3473; x_wconf 90' lang='lat' dir='ltr'><strong>regula</strong></span> <span class='ocrx_word' id='word_1_416' title='bbox 2255 3416 2380 3479; x_wconf 83' lang='lat' dir='ltr'><strong>fidei,</strong></span> <span class='ocrx_word' id='word_1_417' title='bbox 2416 3432 2487 3463; x_wconf 90' lang='lat' dir='ltr'><strong>se-</strong></span> 
     </span>
     <span class='ocr_line' id='line_1_53' title="bbox 1387 3505 2485 3567; baseline 0.001 -14"><span class='ocrx_word' id='word_1_418' title='bbox 1387 3509 1571 3555; x_wconf 90' lang='lat' dir='ltr'><strong>cundum</strong></span> <span class='ocrx_word' id='word_1_419' title='bbox 1613 3509 1835 3567; x_wconf 86' lang='lat' dir='ltr'><strong>antiquam</strong></span> <span class='ocrx_word' id='word_1_420' title='bbox 1875 3511 1919 3551; x_wconf 87' lang='lat' dir='ltr'><strong>et</strong></span> <span class='ocrx_word' id='word_1_421' title='bbox 1952 3505 2204 3551; x_wconf 90' lang='lat' dir='ltr'><strong>continuam</strong></span> <span class='ocrx_word' id='word_1_422' title='bbox 2240 3507 2485 3554; x_wconf 84' lang='lat' dir='ltr'><strong>doctrinam</strong></span> 
     </span>
     <span class='ocr_line' id='line_1_54' title="bbox 1386 3594 2481 3657; baseline -0.003 -13"><span class='ocrx_word' id='word_1_423' title='bbox 1386 3598 1696 3656; x_wconf 88' lang='lat' dir='ltr'><strong>theologorum</strong></span> <span class='ocrx_word' id='word_1_424' title='bbox 1753 3596 2095 3640; x_wconf 88' lang='lat' dir='ltr'><strong>lovaniensium:</strong></span> <span class='ocrx_word' id='word_1_425' title='bbox 2159 3594 2363 3657; x_wconf 87' lang='lat' dir='ltr'><strong>Barruel,</strong></span> <span class='ocrx_word' id='word_1_426' title='bbox 2413 3595 2481 3641; x_wconf 91' lang='lat' dir='ltr'><strong>Du</strong></span> 
     </span>
     <span class='ocr_line' id='line_1_55' title="bbox 1386 3683 2482 3748; baseline -0.004 -15"><span class='ocrx_word' id='word_1_427' title='bbox 1386 3689 1501 3748; x_wconf 88' lang='lat' dir='ltr'><strong>Pape</strong></span> <span class='ocrx_word' id='word_1_428' title='bbox 1544 3693 1589 3733; x_wconf 87' lang='lat' dir='ltr'><strong>et</strong></span> <span class='ocrx_word' id='word_1_429' title='bbox 1622 3687 1678 3732; x_wconf 92' lang='lat' dir='ltr'><strong>de</strong></span> <span class='ocrx_word' id='word_1_430' title='bbox 1711 3698 1783 3731; x_wconf 91' lang='lat' dir='ltr'><strong>ses</strong></span> <span class='ocrx_word' id='word_1_431' title='bbox 1818 3685 1957 3729; x_wconf 90' lang='lat' dir='ltr'><strong>droits</strong></span> <span class='ocrx_word' id='word_1_432' title='bbox 1998 3683 2239 3741; x_wconf 84' lang='lat' dir='ltr'><strong>religieux:</strong></span> <span class='ocrx_word' id='word_1_433' title='bbox 2284 3684 2482 3744; x_wconf 82' lang='lat' dir='ltr'><strong>Alphon-</strong></span> 
     </span>
     <span class='ocr_line' id='line_1_56' title="bbox 1386 3771 2481 3832; baseline -0.003 -10"><span class='ocrx_word' id='word_1_434' title='bbox 1386 3791 1482 3822; x_wconf 92' lang='lat' dir='ltr'><strong>sum</strong></span> <span class='ocrx_word' id='word_1_435' title='bbox 1527 3774 1851 3821; x_wconf 82' lang='lat' dir='ltr'><strong>Muzzarellium</strong></span> <span class='ocrx_word' id='word_1_436' title='bbox 1896 3774 1939 3817; x_wconf 89' lang='lat' dir='ltr'><strong>in</strong></span> <span class='ocrx_word' id='word_1_437' title='bbox 1983 3771 2236 3831; x_wconf 85' lang='lat' dir='ltr'><strong>Opusculis:</strong></span> <span class='ocrx_word' id='word_1_438' title='bbox 2291 3773 2481 3832; x_wconf 78' lang='lat' dir='ltr'><strong>Hyacin-</strong></span> 
     </span>
     <span class='ocr_line' id='line_1_57' title="bbox 1386 3861 2481 3923; baseline -0.001 -13"><span class='ocrx_word' id='word_1_439' title='bbox 1386 3866 1506 3910; x_wconf 87' lang='lat' dir='ltr'><strong>thum</strong></span> <span class='ocrx_word' id='word_1_440' title='bbox 1541 3864 1689 3923; x_wconf 76' lang='lat' dir='ltr'><strong>Serry,</strong></span> <span class='ocrx_word' id='word_1_441' title='bbox 1722 3861 1787 3909; x_wconf 90' lang='lat' dir='ltr'><strong>De</strong></span> <span class='ocrx_word' id='word_1_442' title='bbox 1821 3861 1947 3906; x_wconf 89' lang='lat' dir='ltr'><strong>Rom.</strong></span> <span class='ocrx_word' id='word_1_443' title='bbox 1983 3861 2192 3908; x_wconf 87' lang='lat' dir='ltr'><strong>Pontifice</strong></span> <span class='ocrx_word' id='word_1_444' title='bbox 2222 3862 2266 3907; x_wconf 87' lang='lat' dir='ltr'><strong>in</strong></span> <span class='ocrx_word' id='word_1_445' title='bbox 2298 3862 2481 3910; x_wconf 81' lang='lat' dir='ltr'><strong>ferendo</strong></span> 
     </span>
     <span class='ocr_line' id='line_1_58' title="bbox 1386 3950 2479 4014; baseline 0 -15"><span class='ocrx_word' id='word_1_446' title='bbox 1386 3954 1441 3999; x_wconf 88' lang='lat' dir='ltr'><strong>de</strong></span> <span class='ocrx_word' id='word_1_447' title='bbox 1478 3953 1579 4014; x_wconf 80' lang='lat' dir='ltr'><strong>fide,</strong></span> <span class='ocrx_word' id='word_1_448' title='bbox 1614 3951 1896 4010; x_wconf 86' lang='lat' dir='ltr'><strong>moribusque</strong></span> <span class='ocrx_word' id='word_1_449' title='bbox 1929 3951 2092 3998; x_wconf 88' lang='lat' dir='ltr'><strong>iudicio</strong></span> <span class='ocrx_word' id='word_1_450' title='bbox 2125 3950 2218 3996; x_wconf 82' lang='lat' dir='ltr'><strong>falli</strong></span> <span class='ocrx_word' id='word_1_451' title='bbox 2253 3956 2298 3997; x_wconf 87' lang='lat' dir='ltr'><strong>et</strong></span> <span class='ocrx_word' id='word_1_452' title='bbox 2327 3952 2479 3999; x_wconf 83' lang='lat' dir='ltr'><strong>fallere</strong></span> 
     </span>
     <span class='ocr_line' id='line_1_59' title="bbox 1383 4039 2479 4102; baseline -0.003 -12"><span class='ocrx_word' id='word_1_453' title='bbox 1383 4043 1562 4090; x_wconf 86' lang='lat' dir='ltr'><strong>nescio:</strong></span> <span class='ocrx_word' id='word_1_454' title='bbox 1595 4053 1649 4087; x_wconf 84' lang='lat' dir='ltr'><strong>ac</strong></span> <span class='ocrx_word' id='word_1_455' title='bbox 1679 4045 1909 4102; x_wconf 89' lang='lat' dir='ltr'><strong>postremo</strong></span> <span class='ocrx_word' id='word_1_456' title='bbox 1941 4039 2007 4090; x_wconf 88' lang='lat' dir='ltr'><strong>De</strong></span> <span class='ocrx_word' id='word_1_457' title='bbox 2038 4040 2232 4101; x_wconf 65' lang='lat' dir='ltr'><strong>naintre,</strong></span> <span class='ocrx_word' id='word_1_458' title='bbox 2264 4039 2334 4087; x_wconf 82' lang='lat' dir='ltr'><strong>Du</strong></span> <span class='ocrx_word' id='word_1_459' title='bbox 2350 4040 2479 4101; x_wconf 85' lang='lat' dir='ltr'><strong>Pape.</strong></span> 
     </span>
    </p>
   </div>
  </div>
 </body>
</html>
