2574 4276
218 92 287 139 38
1098 88 1319 141 LIBER
1388 89 1670 145 PRIMUS

222 238 583 283 momentorum
631 232 849 282 omnium
903 231 1046 281 statui
1082 229 1260 297 debet3
1309 230 1517 298 singulis
1554 246 1677 282 vero
1716 232 1778 283 de
1818 250 1879 285 ea
1914 235 2129 306 iudiciis,
2185 254 2311 306 quae
2349 241 2554 308 singulis

223 338 430 375 caussae
481 324 743 374 momentis
792 322 1122 388 respondent,
1175 321 1533 373 inhaerendum
1579 323 1652 374 sic
1703 331 1804 390 est,
1856 330 1908 375 ut
1951 331 2192 382 sententia
2241 338 2409 384 tamen
2455 349 2554 385 non

223 416 417 467 aliunde
457 431 602 482 quam
640 430 668 464 e
704 429 892 465 summa
927 416 1191 478 repetatur.
2100 406 2102 409 ’

403 513 450 558 8.
525 507 687 566 Quare
727 519 875 569 quum
910 502 1228 553 tractationes
1265 517 1439 554 omnes
1477 504 1656 571 duplici
1691 505 1803 558 labe
1840 510 2072 561 maculari
2102 516 2313 582 possint,
2353 501 2552 566 univer-

221 599 329 651 salz·
366 599 545 664 altera,
598 610 824 663 quaeque
864 610 891 644 a
929 595 1030 645 suis
1068 595 1348 661 primordiis
1386 598 1726 648 tractationem
1770 599 1943 665 inficit,
1997 618 2054 652 ac
2100 609 2202 656 tum
2239 606 2553 675 contrahitur,

225 707 372 758 quum
409 692 729 756 praepostera
766 683 1013 751 μέθοδος
1056 686 1308 753 deligitur:
1346 687 1499 739 altera
1534 688 1860 754 particulari,
1900 707 2126 760 quaeque
2154 698 2343 749 veritati
2378 705 2555 749 tracta-

221 783 365 833 tionis
401 778 597 831 nonnisi
634 777 901 828 identidem
941 778 1111 845 obest,
1160 795 1218 829 ac
1268 786 1368 829 tum
1417 781 1708 848 incurritur,
1764 798 1910 849 quum
1947 783 2190 852 μέθοδος
2221 790 2429 854 primum
2463 792 2555 841 rite

221 873 413 924 delecta
457 869 604 920 animi
643 871 898 921 oscitantia
937 877 985 922 et
1021 870 1381 938 imbecillitate,
1420 873 1501 923 vel
1540 872 1737 941 fraude,
1777 874 1990 942 doloque
2024 877 2155 928 malo
2190 880 2431 932 interdum
2469 882 2557 934 de-

187 1011 190 1012 ⁷
221 965 423 1029 seritur,
462 961 698 1028 liquidum
737 968 827 1027 est,
866 965 1206 1014 tractationem
1247 978 1444 1031 quoque
1471 965 1533 1016 de
1557 969 1916 1034 praerogativis
1953 969 2096 1035 Petri,
2136 970 2298 1038 deque
2335 973 2557 1025 eiusdem

219 1071 338 1124 prae
389 1054 621 1122 apostolis
669 1055 873 1122 reliquis
920 1057 1218 1122 praestantia
1256 1062 1402 1122 atque
1440 1058 1756 1124 auctoritate,
1807 1059 2040 1111 alterutro
2079 1062 2263 1129 flagitio
2301 1063 2558 1131 depravari

218 1162 368 1216 posse
407 1154 554 1214 atque
596 1149 858 1214 corrumpi.
930 1147 990 1199 Et
1026 1149 1303 1215 posteriore
1355 1148 1580 1216 quidem,
1631 1165 1794 1218 eoque
1842 1152 2033 1203 minore
2071 1154 2263 1206 illorum
2305 1172 2556 1209 commen-

219 1241 329 1292 tarii
364 1239 618 1306 laborant,
666 1241 747 1306 qui
797 1240 1164 1307 praesignatam
1217 1239 1332 1290 licet
1369 1255 1396 1290 a
1433 1240 1575 1293 nobis
1611 1241 1859 1310 μέθοδον
1894 1246 2147 1313 noverint,
2195 1247 2428 1315 illamque
2464 1249 2558 1301 sibi

221 1332 529 1400 sequendam
579 1332 959 1399 destinaverint,
1010 1332 1070 1383 ab
1121 1349 1180 1383 ea
1229 1339 1394 1383 tamen
1432 1333 1541 1400 plus
1578 1335 1736 1387 semel
1773 1336 1902 1388 devii
1936 1338 2205 1404 recedunt,
2262 1340 2368 1391 sive
2411 1355 2558 1406 quum

219 1426 269 1477 in
319 1424 514 1492 singula
562 1425 763 1491 intenti,
818 1441 845 1475 a
895 1440 1086 1477 summa
1134 1426 1305 1477 oculos
1352 1431 1601 1493 avertunt,
1651 1428 1758 1479 sive
1795 1444 1943 1496 quum
1981 1446 2040 1481 ea
2084 1431 2384 1497 permiscent
2429 1446 2556 1498 quae

220 1518 455 1587 singulis,
493 1532 721 1584 quaeque
758 1532 980 1569 summae
1019 1518 1345 1569 conveniunt:
1385 1516 1464 1568 illa
1504 1519 1635 1569 enim
1673 1526 1748 1570 sat
1786 1527 1887 1588 est,
1933 1523 1976 1573 si
2013 1522 2171 1589 gradu
2206 1522 2556 1589 probabilitatis

220 1612 383 1679 aliquo
413 1612 455 1636 ¹³
498 1611 712 1660 animum
750 1610 1023 1677 inflectant,
1054 1609 1167 1661 huic
1205 1624 1328 1660 vero
1361 1610 1618 1676 competit,
1659 1617 1712 1662 ut
1747 1611 1978 1663 iudicium
2015 1597 2200 1681 ipsum,
2240 1615 2556 1665 sententiam-

221 1719 318 1771 que
357 1702 671 1753 determinet:
713 1703 818 1753 sive
858 1717 1006 1768 quum
1045 1717 1106 1752 eo
1145 1701 1478 1768 prolabuntur,
1516 1708 1568 1752 ut
1605 1702 1780 1754 iudicia
1819 1719 1945 1770 quae
1982 1705 2190 1772 singulis
2228 1721 2434 1758 caussae
2472 1706 2557 1757 ad-

224 1795 466 1847 miniculis
509 1793 837 1861 respondent,
890 1794 951 1845 ab
990 1809 1051 1845 eo
1090 1808 1191 1844 non
1227 1800 1484 1860 separent,
1537 1794 1668 1861 quod
1704 1795 1925 1846 ultimum
1972 1803 2068 1863 est,
2119 1803 2169 1848 et
2213 1797 2275 1848 ad
2317 1813 2556 1849 summam

220 1889 447 1941 refertur.
520 1886 695 1952 Neque
730 1892 994 1952 propterea
1022 1887 1196 1952 quovis
1232 1886 1425 1952 penitus
1451 1885 1611 1938 fructu
1648 1888 1888 1939 eiusmodi
1926 1891 2366 1941 commentationes
2411 1888 2558 1941 desti-

220 1987 439 2032 tuuntur:
490 1995 653 2046 neque
702 1978 856 2045 paleis
907 1979 972 2029 ita
1019 1984 1231 2045 scatent,
1283 1984 1335 2028 ut
1385 1993 1485 2028 non
1520 1978 1781 2046 plurimum
1828 1982 1974 2031 etiam
2010 1981 2172 2032 bonae
2209 1980 2366 2049 frugis
2405 1984 2559 2032 conti-

221 2079 384 2125 neant.
458 2071 561 2122 Eae
607 2071 766 2123 solum
821 2087 959 2138 spem
1007 2070 1188 2122 nullam
1238 2070 1420 2122 faciunt
1456 2071 1693 2138 utilitatis,
1746 2087 1872 2139 quae
1915 2089 1944 2124 e
1982 2072 2142 2125 fallaci
2176 2073 2429 2141 profectae
2468 2093 2557 2141 με-

223 2163 382 2233 θόδῳ
421 2180 688 2231 numquam
723 2180 823 2215 non
862 2169 1111 2228 exerrant,
1150 2179 1209 2214 ac
1246 2179 1337 2230 per
1374 2163 1516 2214 devia
1553 2165 1817 2231 rapiuntur.
1875 2166 2090 2226 Quarum
2125 2172 2197 2217 tot
2233 2173 2343 2218 sunt
2378 2182 2557 2234 prope-

225 2258 425 2308 modum
463 2257 748 2324 specimina,
791 2261 908 2322 quot
943 2256 1156 2323 legimus
1197 2273 1224 2308 a
1248 2255 1628 2324 protestantibus
1667 2257 1824 2310 editos
1856 2258 1917 2309 de
1942 2258 2102 2324 Petr0,
2142 2260 2347 2325 eiusque
2388 2265 2555 2310 aucto-

223 2351 365 2402 ritate
402 2349 570 2416 libros,
609 2349 659 2398 in
697 2347 888 2414 quibUS,
927 2349 996 2399 uti
1033 2349 1190 2399 series
1221 2349 1456 2399 orationis
1495 2349 1737 2416 ostendet,
1776 2350 1894 2400 nihil
1932 2356 2008 2401 est
2044 2352 2167 2418 sani,
2205 2351 2324 2401 nihil
2359 2351 2555 2418 integri,

226 2458 375 2509 quum
415 2442 702 2493 eorumdem
740 2447 984 2507 auctores,
1024 2457 1087 2491 ne
1126 2455 1332 2503 caussae
1370 2440 1719 2508 valedicerent,
1760 2443 1838 2493 cui
1874 2442 2244 2507 famulabantur,
2282 2449 2421 2494 recto
2460 2449 2556 2493 tra-

226 2535 343 2586 mite
377 2534 637 2601 neglectO,
687 2541 736 2585 et
780 2534 891 2585 luce
929 2534 1144 2585 veritatis
1181 2533 1407 2600 repulsa,
1456 2549 1548 2601 per
1584 2533 1782 2601 obliqua
1817 2536 2110 2602 praecipites
2146 2536 2349 2600 iverint,
2399 2550 2556 2600 eaque

226 2627 320 2680 sibi
354 2627 526 2678 videre
565 2627 655 2678 visi
693 2632 826 2693 sunt,
875 2641 1002 2693 quae
1040 2626 1262 2692 nuspiam
1301 2631 1463 2691 erant,
1514 2632 1562 2676 et
1598 2625 1759 2677 solem
1804 2633 2088 2696 strumum,
2143 2633 2195 2678 et
2231 2625 2457 2691 duplices
2494 2644 2553 2675 se

228 2720 498 2772 ostendere
539 2716 763 2770 Thebas.

341 2884 411 2947 13)
465 2885 632 2931 Horum
678 2884 845 2929 veritas
898 2898 956 2930 ex
994 2866 1064 2930 *iis
1119 2884 1352 2929 manifesta
1437 2889 1606 2945 menta,
1654 2898 1767 2944 quae
1802 2875 2100 2931 ἄποδεικτικοέ
2134 2895 2224 2929 non
2259 2883 2350 2928 sint
2383 2889 2428 2928 et
2462 2897 2560 2942 per-

231 2981 325 3034 est,
374 2988 487 3033 quae
532 2973 777 3018 identidem
823 2975 1126 3033 repetivimus·
1211 2973 1272 3018 At
1315 2975 1353 3019 si
1437 2974 1681 3033 emptoria:
1716 2972 1770 3018 ΙΙ.
1807 2987 1861 3018 ea
1885 2973 2029 3019 solum
2052 2973 2179 3018 reiici
2207 2973 2369 3018 merito
2405 2985 2556 3031 posse,

230 3077 337 3109 vera
372 3063 459 3108 ista
495 3068 610 3122 sunt,
648 3063 959 3122 consequitur:
995 3063 1028 3107 1.
1054 3077 1110 3108 ne
1135 3064 1352 3108 rationem
1438 3076 1551 3122 quae
1595 3076 1652 3107 ne
1694 3061 2027 3121 probabilitatis
2076 3061 2254 3120 quidem
2303 3062 2453 3120 specie
2502 3060 2558 3105 ad

232 3153 410 3212 quidem
455 3152 793 3197 controversiae
828 3152 883 3196 iis
919 3165 1020 3196 esse
1063 3158 1352 3212 compertam,
1440 3150 1727 3196 asserendum
1761 3151 1877 3196 Petri
1911 3152 2172 3211 primatum,
2221 3151 2403 3209 eiusque
2451 3163 2558 3208 prae

232 3243 305 3301 qui
352 3243 499 3287 omnia
548 3241 826 3302 improbant,
880 3240 1174 3300 reiiciuntque
1223 3256 1355 3299 argu·
1440 3239 1659 3300 apostolis
1684 3239 1894 3286 eximiam
1919 3241 2228 3285 auctoritatem
2253 3238 2516 3283 conducunt.
