2574 4276
266 110 331 157 12
1124 98 1678 153 PROLEGOMENA

260 252 409 313 ctant,
465 245 574 312 quia
625 259 795 296 omnes
855 257 1099 310 nunquam
1146 241 1207 292 de
1243 240 1478 308 singulari
1512 240 1641 292 Petri
1677 242 1958 293 auctoritate
1994 242 2278 312 loquuntur,
2334 247 2449 311 quin
2485 246 2548 299 ad

263 338 531 405 Scripturas
568 342 848 403 provocent,
892 349 1029 385 suam
1069 348 1132 382 ex
1166 331 1259 381 illis
1296 330 1563 382 doctrinam
1589 338 1826 399 repetant,
1864 332 2230 402 luculenterque
2257 337 2546 406 significent,

262 444 317 480 se
355 430 668 495 interpretum
707 440 912 478 munere
948 423 1111 489 fungi,
1149 428 1410 488 partesque
1448 422 1810 489 explanatorum
1848 421 1999 475 obire.

450 523 525 569 15.
580 518 684 570 Fuit
722 530 843 582 ergo
882 528 968 564 cur
1003 513 1136 562 initio
1173 514 1445 578 praesentis
1481 514 1777 565 tractationis
1821 529 2099 584 monerem,
2154 519 2272 571 nihil
2306 519 2551 590 theologis

259 608 431 676 potius,
475 608 591 659 nihil
628 622 740 658 esse
778 605 1014 670 antiquius
1052 603 1252 670 debere,
1292 620 1432 670 quam
1470 611 1522 655 ut
1557 605 1727 656 sedulo
1765 607 2033 675 exquirant,
2077 610 2191 675 quid
2227 612 2288 664 de
2315 613 2442 666 Petri
2477 615 2550 666 in-

260 701 478 769 signibus
534 715 590 750 ac
646 711 872 762 suprema
919 680 1202 748 auctoritate
1253 697 1528 763 Scripturae
1585 697 1820 766 doceant,
1875 699 1989 766 quid
2032 699 2318 772 exhibeant,
2374 706 2551 773 quidve

257 792 518 844 tenendum
567 803 678 840 esse
727 788 1073 839 demonstrent.
1145 789 1229 840 His
1278 790 1406 840 enim
1458 789 1534 839 rei
1580 805 1768 841 summa
1816 797 2035 858 constat,
2089 796 2233 859 atque
2268 795 2365 848 huc
2398 799 2542 852 totius

259 882 577 934 contentionis
627 887 768 947 caput
817 878 958 931 redit.
1034 880 1360 932 Traditionem
1397 895 1604 948 vereor,
1653 897 1751 933 non
1788 898 2025 949 aspernor
2059 883 2333 954 historiam,
2382 903 2544 956 neque

257 980 420 1025 cetera
472 971 681 1023 tuendae
738 972 950 1024 veritatis
1007 972 1249 1038 praesidia
1302 978 1590 1023 contemno:
1665 975 1754 1026 sed
1802 976 2006 1043 singulis
2052 978 2271 1044 proprias
2322 979 2546 1032 adscribo

256 1065 418 1131 sedes,
455 1065 644 1116 interna
679 1063 886 1131 vincula,
927 1062 1098 1130 quibus
1133 1063 1470 1130 probationum
1508 1065 1795 1119 adminicula
1832 1074 1997 1120 mutuo
2034 1069 2321 1136 cohaerent,
2361 1074 2542 1140 aperio,

254 1163 369 1224 tum,
408 1156 522 1224 quid
556 1156 897 1224 praestandum
935 1156 1010 1220 sit,
1049 1170 1107 1205 ac
1142 1169 1230 1221 pro
1268 1155 1394 1206 virili
1429 1158 1718 1226 urgendum,
1757 1159 2205 1229 absolvendumque
2240 1163 2486 1231 profiteor.

1109 1472 1497 1550 CAPUT
1578 1473 1685 1550 111.

785 1629 1096 1699 Difficultas
1145 1651 1215 1684 θα,-
1258 1639 1323 1686 iis
1371 1633 1549 1687 oborta
1593 1653 1724 1701 quae
1762 1641 2149 1702 praemisimus.-
2184 1667 2253 1675 ——-
2297 1637 2547 1690 enodatur

603 1727 824 1787 primum
869 1721 1127 1793 suffraqz'o
1162 1724 1541 1792 catholicorum,
1588 1747 1622 1779 a
1658 1728 1840 1794 quibus
1876 1735 2223 1794 protestantes
2259 1746 2361 1781 non
2396 1729 2543 1782 dissi-

605 1815 754 1866 dent.-
789 1845 858 1852 -
897 1822 1005 1867 tum
1041 1817 1329 1869 eorumdem
1366 1838 1611 1884 censura,
1651 1839 1752 1886 qua
1780 1827 1832 1871 in
1869 1839 1955 1872 eos
1996 1821 2423 1885 animadvertunt,
2460 1826 2545 1887 qui

607 1904 758 1958 Petri
785 1952 789 1955 ,
812 1914 1206 1977 praeroyativas
1256 1917 1332 1962 ita
1374 1913 1655 1976 vindicant,
1712 1919 1771 1964 ut
1812 1910 2205 1978 Scripturarum
2255 1918 2545 1965 testimonia

607 1997 688 2048 vel
720 1999 993 2069 neqliqant,
1031 1999 1115 2051 vel
1138 2001 1271 2053 male
1306 2010 1459 2055 etia-m
1496 2006 1854 2071 detorqueant.-
1894 2035 1948 2044 —
1986 2004 2184 2071 plenior
2213 2004 2543 2074 dfffioultatis

605 2090 803 2155 solutio,
841 2110 902 2143 ac
927 2098 1271 2157 praestitutae
1307 2095 1565 2149 doctrinae
1601 2097 1934 2165 confirmatio,

438 2282 513 2328 16.
577 2229 906 2345 Quamquam
942 2294 1103 2347 neque
1141 2265 1483 2350 obscurasint,
1520 2299 1682 2351 neque
1705 2284 1766 2336 ad
1793 2284 2161 2352 intelligendum
2187 2281 2395 2335 difficilia
2421 2298 2546 2349 quae

253 2370 619 2437 praemisimus,
690 2369 978 2422 dissimulari
1037 2378 1202 2424 tamen
1251 2389 1350 2425 non
1399 2374 1570 2442 debet,
1621 2376 1752 2443 quod
1794 2382 1965 2444 sponte
2013 2376 2161 2427 veluti
2206 2390 2293 2428 sua
2331 2376 2543 2426 animum

253 2461 403 2513 subit:
452 2462 532 2512 vix
579 2478 637 2513 ea
687 2462 880 2529 probari
924 2464 1113 2530 penitus
1148 2479 1324 2532 posse,
1379 2466 1494 2532 quin
1531 2483 1689 2519 canon
1723 2469 1955 2520 momenti
1991 2468 2187 2519 omnino
2224 2467 2443 2533 maximi,
2494 2471 2542 2517 et

252 2555 424 2622 regula
472 2554 714 2622 theologis
763 2555 1033 2608 certissima
1077 2557 1128 2607 in
1175 2556 1481 2609 manifestum
1526 2559 1788 2612 discrimen
1834 2560 2005 2612 adduci
2045 2560 2278 2612 videatur.
2352 2557 2541 2625 Regula

254 2653 415 2698 autem
451 2647 575 2698 haec
612 2655 708 2700 est:
760 2650 809 2699 in
846 2648 1173 2716 exponendis,
1213 2651 1594 2719 enarrandisque
1631 2653 2012 2718 definitionibuS,
2060 2666 2177 2717 quas
2215 2650 2294 2701 vel
2330 2651 2433 2726 ipsa
2466 2656 2541 2699 tu-

253 2738 396 2789 lerint
432 2742 747 2791 oecumenica
786 2741 1004 2807 concilia,
1048 2757 1154 2792 rem
1193 2741 1458 2810 definitam,
1517 2750 1564 2794 et
1602 2761 1695 2812 qua
1733 2760 1920 2798 summa
1955 2759 2013 2794 ac
2049 2742 2209 2794 iudicii
2245 2746 2386 2807 caput
2423 2755 2540 2791 con-

253 2831 454 2897 tinetur,
507 2832 566 2882 ab
619 2833 675 2884 iis
721 2832 1056 2899 probationum
1094 2835 1351 2885 momentis
1390 2834 1617 2903 distingui
1654 2836 1823 2888 sedulo
1862 2841 2112 2902 oportere,
2159 2832 2331 2901 quibus
2369 2831 2541 2883 eadem

256 2921 595 2988 comprobatur
647 2929 790 2990 atque
837 2924 1069 2974 statuitur.
1143 2922 1484 2977 Defmitionem
1521 2928 1650 2978 enim
1685 2926 1996 2978 indubitatam
2034 2940 2171 2992 esse,
2211 2931 2259 2975 et
2295 2925 2539 2976 assensio-

255 3030 370 3065 nem
405 3014 518 3066 fidei
553 3016 796 3083 propriam
833 3014 906 3065 illi.
938 3014 1134 3089 deberi:
1187 3016 1276 3067 sed
1308 3016 1620 3083 probationes
1655 3034 1816 3086 neque
1853 3017 2140 3068 indubitatas
2175 3031 2375 3084 prorsus
2412 3031 2540 3082 esse,

256 3122 419 3172 neque
457 3107 518 3158 ad
555 3107 792 3158 eiusmodi
829 3107 1123 3158 auctoritatis
1161 3109 1355 3160 culmen
1391 3104 1689 3177 pertingere,
1726 3116 1777 3160 ut
1814 3111 1930 3160 citra
1968 3109 2153 3160 crimen
2185 3107 2393 3159 violatae
2432 3106 2546 3158 fidei

256 3200 443 3265 tentari,
483 3199 847 3266 oppugnarique
884 3205 1142 3265 nequeant.
1217 3200 1358 3260 Quod
1391 3200 1627 3253 Melchior
1663 3201 1819 3253 Canus
1856 3202 1905 3251 in
1941 3215 2090 3267 opere
2129 3199 2189 3250 de
2225 3198 2367 3249 Locis
2404 3199 2543 3250 theo-

255 3290 469 3358 logicis-¹
520 3307 578 3343 ea
622 3291 962 3358 perspicuitate
1016 3292 1178 3359 tradit,
1241 3309 1396 3359 eaque
1447 3292 1803 3360 exemplorum,
1858 3297 2353 3360 argumentorumque
2407 3290 2546 3357 copia

255 3389 414 3434 tuetur
448 3389 496 3434 et
532 3382 797 3448 confirmat,
840 3389 891 3434 ut
927 3384 1139 3434 omnium
1178 3383 1425 3453 suffragia,
1465 3385 1959 3453 adprobationemque
1996 3382 2268 3434 obtinuerit.

261 3521 374 3580 apud
430 3521 742 3582 Mamachium,
809 3521 963 3580 Origg.
1025 3526 1069 3566 et
1123 3521 1357 3582 Antiquitt.
1441 3536 1595 3584 puum,
1645 3522 1700 3567 de
1755 3534 1841 3581 quo
1904 3527 1999 3567 erat
2038 3522 2315 3581 potissimum
2363 3523 2540 3565 contro-

262 3609 493 3655 Christian.
530 3611 605 3656 lib.
641 3610 715 3655 IV.
750 3623 888 3669 pagg.
924 3610 1035 3655 286.
1070 3623 1194 3669 seqq.
1442 3612 1617 3672 versia,
1661 3623 1713 3656 ea
1757 3623 1845 3656 non
1888 3610 2104 3669 pertinere
2153 3610 2209 3655 ad
2254 3609 2409 3667 fidem,
2454 3606 2541 3651 hoc

367 3698 408 3759 ¹)
447 3698 540 3744 Lib.
596 3699 652 3744 V.
715 3712 812 3758 cap.
859 3699 914 3744 V.
971 3713 1013 3758 q.
1071 3698 1145 3743 lv.
1202 3699 1358 3745 tradit:
1443 3706 1536 3760 est,
1588 3711 1677 3745 non
1730 3711 1831 3744 esse
1883 3698 2127 3743 catholicae
2183 3698 2285 3743 fidei
2327 3692 2538 3741 iudicia.“

258 3787 414 3849 „Quae
460 3788 504 3831 in
539 3787 836 3833 conciliorum
880 3787 952 3833 vel
994 3787 1249 3833 Pontificum
1284 3788 1359 3833 de·
1442 3789 1504 3836 At
1551 3800 1658 3834 vcro
1702 3788 1834 3834 docet
1876 3801 1931 3833 ne
1978 3787 2146 3849 Canus,
2195 3787 2252 3832 ad
2291 3785 2420 3831 fidem
2454 3797 2541 3829 non

259 3876 406 3936 cretis,
440 3876 510 3920 vel
530 3877 777 3936 explicandi
800 3864 956 3936 gratia
981 3877 1254 3938 inducuntur,
1291 3877 1360 3923 vel
1440 3878 1660 3938 pertinere
1705 3890 1802 3921 eam
1846 3875 2084 3921 bibliorum
2121 3874 2538 3934 interpretationem,

259 3970 306 4010 ut
340 3963 582 4011 obiectioni
605 3965 936 4027 respondeatur,
971 3967 1043 4013 vel
1063 3967 1196 4014 etiam
1215 3966 1358 4013 obiter
1441 3980 1570 4026 quam
1604 3965 1798 4012 Concilia
1834 3970 1878 4010 et
1911 3964 2142 4011 Pontifices
2175 3976 2263 4010 non
2292 3967 2382 4007 tum
2407 3961 2541 4007 edunt

261 4059 305 4100 et
337 4054 382 4100 in
415 4059 666 4101 transcursu
704 4061 879 4115 praeter
910 4056 1153 4105 institutum
1186 4056 1357 4117 praeci-
1440 4055 1606 4118 solum,
1650 4068 1780 4115 quum
1815 4054 2011 4114 directe,
2053 4053 2357 4114 expressisque
2390 4049 2538 4097 verbis
