2574 4276
158 72 258 122 186
1029 66 1249 120 LIBER
1319 66 1602 120 PRIMUS

154 214 493 281 rationemque
548 211 830 280 efflagitent.
903 211 956 261 In
1002 224 1064 260 eo
1111 214 1214 259 tota
1265 209 1355 261 sita
1405 214 1482 260 est
1529 206 1812 275 difficultas,
1866 224 1932 261 ne
1977 210 2261 278 praescripti
2309 209 2487 261 limites

156 306 494 357 transiliantur.
567 305 852 356 Nullatenus
900 316 1021 352 vero
1071 299 1429 367 transilientur,
1482 301 1524 352 si
1563 298 1691 350 haec
1729 305 1833 350 tria
1871 303 2177 369 conspirent:
2224 309 2277 354 ut
2315 317 2487 353 eorum

154 403 345 464 petatur
394 398 518 447 ratio
574 411 698 463 quae
747 394 807 445 ad
861 407 1034 443 omnes
1083 393 1409 443 communiter
1454 397 1698 458 spectant:
1751 398 1804 443 ut
1850 399 2040 459 petatur
2086 409 2147 445 eo
2196 408 2291 460 quo
2345 393 2489 444 decet

155 488 325 554 mod0,
376 490 671 555 integroque
710 485 840 552 quod
878 484 1185 552 praesidibus
1217 483 1424 535 debetur
1467 483 1734 550 obsequio:
1781 485 2084 553 proindeque
2121 502 2184 537 ne
2221 492 2487 552 imperiose.

153 587 358 648 petatur.

334 671 565 722 Jamvero
614 669 790 720 liceret
843 685 939 721 nec
984 684 1048 720 ne
1074 672 1120 696 ²⁹
1179 667 1332 737 ἀνδρὶ
1387 667 1610 737 ἱουδαίῳ
1660 668 1964 721 κολλᾶσθαι
2010 665 2042 730 ⁹³)
2086 668 2486 734 προςέρχεσθαι

154 761 469 834 ἀλλοφύλῳ,
518 763 581 811 ita
619 767 673 812 ut
707 761 858 828 Legis
895 762 1270 830 praeceptiones
1309 762 1588 827 antiquatae
1628 761 1910 812 censendae
1949 767 2144 827 essent,
2196 760 2259 811 ad
2294 774 2483 828 omneS,

154 862 203 907 et
251 855 311 906 ad
358 854 678 905 circumcisos
726 855 945 921 inprimis
987 854 1159 906 fideles
1193 853 1482 922 pertinebat.
1554 853 1639 905 His
1677 867 1802 920 ergo
1848 854 1953 905 iure
1986 852 2186 903 nullo³⁰
2225 851 2488 903 interdice-

152 946 319 1012 batur,
366 947 626 1012 quominus
667 961 695 996 a
729 944 873 996 Petro
908 948 1149 998 rationem
1200 953 1453 1015 gestorum
1502 936 1844 1012 exposcerent.
1921 945 2019 999 Sed
2054 944 2357 1012 postularunt
2394 941 2486 996 αύ-

152 1036 420 1098 θεντικῶς
474 1045 619 1105 atque
671 1053 736 1088 ex
778 1038 1000 1104 imperio.
1075 1039 1128 1090 Id
1175 1039 1332 1090 Lucas
1390 1054 1554 1105 neque
1599 1038 1780 1104 apertis
1837 1053 2000 1105 neque
2047 1037 2271 1089 obscuris
2318 1036 2483 1088 verbis

150 1115 408 1196 significat.
484 1129 534 1182 Si
573 1129 689 1197 quid
723 1145 847 1197 ergo
872 1137 1130 1198 peccatum
1168 1131 1228 1182 ab
1266 1132 1325 1182 iis
1362 1130 1465 1196 fuit,
1505 1146 1566 1181 eo
1604 1137 1756 1181 totum
1792 1130 1934 1196 redit,
1975 1130 2107 1197 quod
2141 1130 2481 1182 vehementius

152 1237 266 1272 curn
302 1222 447 1273 Petro
485 1222 816 1289 disceptariut.
889 1223 980 1274 Hic
1016 1230 1179 1275 autem
1227 1223 1383 1289 modi,
1438 1223 1692 1290 iustaeque
1739 1224 1938 1274 rationis
1989 1222 2209 1274 defectus
2232 1225 2276 1249 ³¹
2320 1237 2482 1288 neque

152 1314 281 1365 Petri
314 1316 652 1366 auctoritatem
691 1314 854 1382 laedit,
894 1331 1056 1383 neque
1094 1316 1188 1367 illis
1224 1315 1417 1383 ignosci
1447 1322 1649 1382 gravate
1687 1315 1860 1382 debet,
1899 1332 2046 1382 quum
2070 1315 2237 1366 inolita
2274 1330 2483 1366 consue-

151 1406 343 1473 tudine,
395 1413 444 1458 et
479 1406 590 1458 zelo
627 1422 715 1474 pro
751 1408 967 1474 paternis
1003 1407 1364 1474 traditionibUS,
1402 1408 1652 1475 Legisque
1690 1407 1910 1459 custodia
1947 1409 1996 1458 in
2030 1415 2364 1461 transversum
2401 1408 2483 1474 agi

151 1498 381 1550 facillime
418 1500 679 1566 potuerint.
2128 1503 2130 1505 ’

329 1596 445 1642 236.
517 1592 571 1642 In
609 1608 754 1659 quam
791 1594 1085 1644 sententiam
1122 1592 1379 1644 nobiscum
1415 1592 1542 1643 ultro
1582 1592 1878 1659 concedent,
1927 1593 2010 1659 qui
2056 1592 2150 1643 sibi
2187 1608 2246 1644 ea
2282 1582 2482 1644 minime

149 1683 452 1751 negligenda
487 1687 777 1751 putaverint,
817 1684 991 1752 quibus
1016 1684 1174 1735 Lucas
1209 1686 1393 1735 exitum
1421 1684 1746 1736 contentionis
1788 1690 1995 1736 enarrat.
2068 1685 2241 1736 Relato
2278 1685 2409 1735 enim
2430 1686 2478 1710 ³²

149 1777 278 1828 Petri
324 1790 583 1842 sermone,
636 1791 733 1844 quo
781 1777 1008 1829 fratribus
1060 1792 1088 1827 e
1141 1778 1518 1828 circumcisione
1566 1776 1866 1843 respondit,
1894 1777 2235 1843 visionemque
2280 1774 2483 1826 caelitus

147 1869 432 1934 immissam,
474 1869 701 1935 editaque
728 1869 962 1920 miracula
988 1869 1274 1936 complexus
1302 1875 1404 1937 est,
1440 1869 1517 1920 his
1556 1868 1719 1920 verbis
1745 1871 1790 1896 ³³
1831 1868 2062 1921 absolvit:
2134 1866 2481 1926 Ἀκούσαντες

150 1959 208 2013 δὲ
244 1963 426 2023 ταῦτα,
464 1958 761 2023 ἡσύχασαν,
801 1962 890 2013 καὶ
912 1960 1165 2026 ἐδόξαζον
1190 1960 1281 2013 τὸν
1306 1960 1456 2023 θεόν,
1494 1962 1759 2028 λέγοντες·
1797 1955 1968 2029 ἄραγε
2006 1962 2094 2014 καὶ
2116 1964 2227 2021 τοῖς
2266 1959 2481 2011 ἔθνεσιν

148 2054 177 2104 ὁ
215 2050 349 2114 θεὸς
398 2048 490 2115 τήν
524 2051 809 2120 μετάνοιαν
856 2052 1052 2106 ἔδωκεν
1092 2057 1167 2115 εἰς
1215 2051 1384 2119 ζωήν.
1439 2053 1552 2106 talia
1590 2070 1738 2121 quum
1777 2054 2040 2119 audissint,
2091 2054 2478 2120 acquievere³⁴,

148 2151 199 2196 et
233 2144 391 2196 Deum
430 2144 766 2212 glorificarunt
799 2147 1048 2198 dicentes:
1100 2161 1224 2214 ergo
1263 2152 1310 2197 et
1348 2147 1576 2214 gentihus
1612 2148 1960 2213 poenitentiam
1996 2146 2198 2213 largitus
2235 2151 2311 2197 est
2344 2143 2480 2197 Deus

146 2244 201 2289 ut
240 2238 389 2289 vitam
427 2244 806 2304 consequantur.
2198 2221 2203 2226 ’

325 2329 366 2380 Ε
405 2330 578 2397 quibus
615 2330 733 2380 nihil
771 2330 1067 2395 evidentius,
1118 2347 1262 2399 quam
1309 2333 1500 2399 priscos
1544 2331 1657 2383 illos
1696 2331 1985 2396 christianos
2021 2332 2164 2384 Petro
2210 2329 2359 2381 fidem
2396 2327 2481 2380 ad-

146 2423 393 2487 iunxisse,
441 2428 726 2489 tantumque
764 2438 919 2490 penes
960 2438 1047 2475 eos
1069 2424 1210 2476 illius
1255 2425 1593 2475 auctoritatem
1631 2424 1868 2489 valuisse,
1918 2430 1970 2475 ut
2007 2439 2109 2475 non
2145 2421 2482 2490 acquieverint

149 2514 324 2584 modo,
372 2529 544 2564 verum
583 2515 729 2566 etiam
767 2521 817 2566 et
851 2514 957 2567 Deo
996 2517 1179 2583 gratias
1215 2517 1570 2583 persolverint,
1618 2532 1843 2584 quaeque
1879 2516 2050 2568 Petrus
2089 2520 2339 2583 gesserat,
2389 2514 2480 2564 im-

146 2622 319 2658 mense
364 2605 693 2673 probaverint.
767 2607 967 2661 Scilicet
1010 2608 1203 2659 illorum
1249 2610 1433 2661 nemini
1481 2611 1531 2660 in
1574 2615 1791 2660 mentem
1835 2610 1995 2674 venit,
2043 2614 2123 2659 aut
2168 2606 2229 2658 de
2274 2607 2478 2658 veritate

147 2714 322 2750 eorum
362 2715 489 2766 quae
526 2698 698 2752 Petrus
735 2699 1092 2767 affirmaverat,
1131 2700 1405 2767 ambigere,
1447 2707 1527 2752 aut-
1565 2703 1710 2752 etiam
1751 2700 2060 2769 significare,
2100 2699 2375 2766 oportuisse
2413 2713 2477 2747 ne

149 2792 495 2844 convertendis
534 2792 764 2858 gentibus
790 2808 930 2844 suam
965 2793 1070 2859 ipse
1109 2807 1311 2859 operam
1335 2795 1468 2862 prius
1509 2794 1773 2860 conferret,
1814 2809 1959 2862 quam
1997 2791 2327 2859 apostolorum
2363 2804 2478 2841 sen-

252 2968 327 3029 29)
363 2968 466 3014 Act.
501 2969 557 3015 X.
594 2968 674 3014 28.

251 3056 327 3118 ³⁰)
364 3057 631 3103 Praesertim
678 3058 718 3102 si
755 3057 1088 3118 consideretur,
1136 3071 1270 3117 quan·

148 3152 303 3205 topere
339 3145 537 3191 Christus
574 3151 769 3191 mutuam
815 3147 1044 3192 caritatem
1080 3146 1273 3192 inculca-

148 3237 238 3296 rit,

148 3323 425 3384 praesulibus
476 3324 770 3369 interdixerit.

147 3412 227 3458 lib.
273 3413 348 3458 IX.
405 3413 536 3472 epist.
579 3413 792 3458 XXXIX:

149 3514 316 3562 sumus,
354 3502 483 3547 unius
514 3502 795 3561 imperatoris
819 3506 1048 3561 potestate
1084 3502 1271 3562 conditi,

849 3324 975 3370 Unde
1028 3324 1271 3383 Gregorius

862 3412 1060 3472 „Omnes
1113 3414 1270 3458 fratres

151 3595 196 3635 et
230 3592 450 3649 sanguine
484 3591 731 3652 redempti3
777 3596 822 3636 et
855 3590 960 3635 ideo
995 3590 1156 3635 fratres
1191 3603 1273 3635 no-

149 3684 294 3740 strOS,
341 3680 662 3738 quantumlibet
703 3692 921 3739 pauperes
965 3683 1010 3723 et
1054 3678 1271 3740 abiectos,

148 3769 193 3813 in
226 3767 346 3813 nullo
394 3768 625 3827 despicere
660 3765 925 3815 debemuS.“
993 3766 1051 3813 Et
1082 3767 1159 3811 lib.
1196 3767 1269 3812 ΙΙΙ.

151 3857 283 3917 epist.
307 3856 427 3903 XLI:

149 3947 194 3991 in
230 3946 287 3990 iis
322 3950 470 3991 tamen
504 3948 744 4006 praecipue
778 3961 893 4006 quae
925 3945 1010 3995 Dei
1045 3950 1161 4005 sunt,
1197 3958 1270 3989 ra-

137 4035 275 4082 tione
310 4035 455 4094 magis
490 4037 711 4094 stringere
733 4036 938 4083 homines
973 4048 1102 4094 quam
1139 4038 1270 4095 pote-

497 3858 621 3919 „Nos
656 3859 761 3904 licet
793 3859 838 3903 in
874 3856 1081 3904 omnibus
1106 3857 1267 3916 causis,

298 3236 531 3294 ipsamque
588 3235 730 3279 fastus
794 3235 995 3280 umbram
1054 3236 1272 3281 ecclesiae
1318 3270 1327 3281 .

1354 2977 1470 3018 state
1504 2972 1783 3018 festinamuS.
1854 2970 1904 3016 Si
1951 2970 2224 3029 contempsi,
2274 2969 2336 3013 ait
2370 2967 2474 3027 Job,

1354 3062 1504 3107 subire
1539 3062 1751 3107 iudicium
1787 3074 1886 3106 cum
1921 3070 2053 3104 servo
2088 3070 2187 3102 meo
2237 3062 2281 3102 et
2316 3057 2474 3102 ancilla

1355 3165 1475 3211 mea,
1512 3165 1611 3196 cum
1649 3151 1947 3209 disceptarent
1982 3147 2214 3192 adversum
2254 3144 2373 3191 me.⁴‘

1461 3238 1537 3300 ³¹)
1571 3240 1637 3285 De
1682 3250 1770 3298 quo
1819 3237 1954 3282 modo
1999 3235 2157 3281 scribit
2206 3237 2250 3280 in
2287 3234 2473 3280 Oratore

1358 3329 1548 3375 Tullius:
1619 3328 1700 3388 „In
1736 3325 1941 3372 omnibus
1965 3325 2097 3370 rebus
2134 3324 2370 3370 videndum
2406 3328 2477 3368 est

1357 3423 1593 3477 quatenus:
1651 3417 1738 3461 etsi
1785 3416 1901 3460 enim
1947 3427 2051 3459 suus
2104 3416 2259 3473 cuique
2314 3412 2473 3458 modus

1358 3512 1448 3567 est,
1508 3512 1655 3552 tamen
1699 3505 1842 3562 magis
1890 3502 2074 3549 offendit
2117 3504 2301 3549 nimium
2342 3516 2471 3561 quam

1357 3591 1562 3656 parum.“

1465 3683 1540 3743 32)
1575 3681 1677 3727 Act.
1714 3679 1788 3725 XI.
1826 3678 2024 3724 4—17.

1460 3770 1535 3833 ³³)
1570 3769 1680 3815 lhid.
1715 3783 1759 3814 v.
1799 3766 1875 3812 18.

1459 3859 1534 3920 ³⁴)
1568 3858 1803 3917 VulgatuS,
1829 3863 2096 3915 tacuerunt5
2141 3856 2221 3902 sed
2256 3846 2473 3916 ἦσυχοὲζω

1353 3953 1483 3995 notat
1526 3946 1662 3993 etiam
1709 3947 2033 4005 acquiescere,
2087 3951 2132 3991 et
2185 3946 2235 3990 in
2281 3944 2472 3990 alterius

1352 4037 1624 4086 sententiam
1657 4032 1778 4082 ire.“
1865 4061 1877 4068 -
