2574 4276
924 178 1166 239 CAPUT·
1236 178 1416 239 XXV.
2222 180 2325 236 257

25 332 144 391 quia
171 326 231 377 de
253 342 356 375 uno
375 343 510 390 pane
529 330 916 390 participamus.
989 325 1058 376 Ita
1082 326 1230 391 igitur
1251 325 1410 375 unitas
1437 323 1679 374 ecclesiae
1706 328 1908 377 externa
1931 322 2170 374 internam
2194 324 2324 375 1113111

22 415 492 482 intellectualemque
527 418 817 483 praestitura
853 422 943 482 est,
981 417 1023 467 si
1049 431 1158 466 eam
1196 431 1338 482 quam
1375 415 1737 466 accuratissime
1763 420 1812 465 et
1835 413 1896 464 ad
1919 429 2091 465 verum
2123 428 2324 481 expres-

23 509 153 573 serit,
191 507 330 572 idest,
365 508 406 558 si
441 508 598 558 unitas
638 514 810 582 ectypa
843 507 1140 573 respondeat
1175 505 1484 573 (ιι-0116111136.
1557 504 1713 556 Aliter
1746 505 1829 556 fiet
1861 511 1913 556 ut
1946 521 2011 555 ne
2046 504 2178 557 Deus
2218 507 2323 573 ipse

20 599 346 665 obstringatur
377 598 438 649 ad
473 598 816 665 praestandam
843 597 1221 649 intellectualem
1254 596 1400 659 illam,
1441 611 1566 662 quae
1604 597 1799 647 maximi
1833 596 2054 648 facienda
2091 604 2189 664 est,
2217 600 2322 648 uni-

19 696 179 740 tatem.
205 741 211 746 ,
251 688 542 741 Praesertim
579 705 690 739 cum
721 690 846 741 11360
882 695 1297 746 sacramentorum
1323 687 1543 756 symbola
1578 687 1692 738 ideo
1725 687 1936 739 instituta
1976 690 2071 739 sint
2103 695 2155 739 ut
2184 697 2323 753 pacti

21 781 179 830 vicem
217 780 504 831 obtinerent.
577 780 684 830 Jam
721 780 850 830 enim
886 783 1143 844 sequetur,
1190 785 1244 854 111
1290 794 1399 829 63111
1440 784 1691 845 1113631316
1726 779 1983 844 unitatem,
2035 779 2077 829 si
2110 766 2211 830 {on
2241 796 2322 831 re-

19 878 384 938 praesentetur,
422 887 485 921 ne
521 877 689 937 pactus
727 869 924 936 quidem
957 868 1090 920 Deus
1126 868 1473 935 11116111ς31111.ιι

201 968 316 1013 334.
388 962 466 1014 Ad
490 962 615 1013 haec
638 965 684 989 ⁷⁵
727 960 902 1025 subdit,
940 966 1025 1027 „ut
1050 959 1174 1010 haec
1202 958 1540 1011 intellectualis
1566 961 1723 1011 unitas
1753 960 1815 1011 ad
1842 962 2004 1011 vivum
2031 975 2323 1026 repraesen-

19 1058 176 1118 tetur,
227 1053 446 1104 'eiusdem
492 1054 691 1120 generis
738 1054 969 1103 unitatem
1019 1065 1132 1102 esse
1170 1049 1354 1100 debere
1386 1050 1437 1099 in
1474 1050 1685 1103 ecclesia
1722 1058 1920 1119 ectypa,
1976 1052 2130 1118 qualis
2165 1053 2324 1104 suerat

20 1145 74 1193 inv
105 1143 382 1212 archetypa.
455 1146 573 1195 Cum
621 1145 769 1211 igitur
813 1145 864 1194 in
897 1141 1209 1192 intellectuali
1244 1140 1325 1191 illa
1361 1141 1544 1191 unitate
1591 1158 1620 1193 a
1655 1143 1812 1208 capite
1846 1149 2121 1194 arcessatur
2166 1146 2324 1195 omnis

21 1233 179 1284 unitas
217 1238 317 1295 (est
365 1235 496 1285 enim
533 1233 729 1286 Christi
773 1238 952 1301 caput„
975 1230 1147 1295 Deus,
1194 1239 1246 1283 ut
1280 1234 1385 1299 ipse
1423 1231 1666 1284 Christus
1715 1239 1794 1283 est
1838 1240 1989 1297 caput
2033 1233 2321 1302 ecclesiae),

19 1325 237 1390 sequitur
272 1330 324 1374 ut
358 1325 408 1375 in
445 1325 657 1377 ecclesia
692 1326 851 1376 unitas
887 1339 916 1375 a
945 1324 1100 1389 capite
1137 1323 1199 1374 sit
1232 1323 1452 1374 similiter
1475 1323 1761 1375 inchoanda.
1835 1324 1955 1375 Cum
1989 1340 2018 1375 a
2052 1327 2207 1391 capite
2242 1327 2324 1377 illo

24 1415 84 1465 ad
111 1415 329 1466 membra
355 1415 635 1466 deriventur
661 1416 854 1477 unitatis
889 1415 1185 1480 influentiae,
1220 1430 1249 1465 a
1272 1413 1378 1465 Deo
1414 1414 1475 1465 ad
1502 1414 1756 1480 Christum,
1793 1431 1822 1464 a
1842 1414 2034 1466 Christo
2068 1416 2129 1466 ad
2165 1418 2325 1467 eccle-

20 1507 170 1573 siam3
207 1507 426 1573 sequitur
460 1508 509 1558 in
546 1506 758 1558 60016313
791 1506 923 1557 1(16111
958 1521 1071 1558 6336
1106 1505 1503 1575 agnoscendum,
1549 1514 1602 1559 ut
1637 1522 1973 1574 quaecumque
2008 1508 2201 1558 unitatis
2239 1507 2329 1558 be·-

20 1597 192 1648 neficia
238 1599 521 1664 participant
567 1597 814 1664 membra,
865 1613 924 1649 ea
971 1611 1072 1660 non
1118 1597 1213 1648 sint
1259 1597 1396 1648 alteri
1445 1614 1590 1664 quam
1636 1599 1776 1665 capiti
1821 1598 2089 1649 tribuenda.
2170 1598 2325 1665 thue

25 1690 182 1740 omnis
216 1689 449 1756 corporiS,
486 1688 916 1755 membrorumque
951 1690 1110 1740 unitas
1150 1704 1178 1739 a
1204 1690 1373 1755 capitis
1405 1691 1587 1740 unitate
1621 1689 1829 1756 profluit,
1865 1689 1995 1740 idem
2029 1690 2080 1740 in
2117 1690 2328 1740 ecclesia

21 1780 228 1846 valebit,
292 1796 319 1831 a
371 1780 537 1846 capitis
595 1781 699 1831 eius
751 1781 934 1831 unitate
992 1779 1236 1831 ecclesiae
1288 1780 1716 1847 membrorumque
1769 1782 1874 1831 eius
1928 1794 2122 1830 omnem
2173 1781 2327 1831 unita-

24 1877 124 1921 tem
159 1871 401 1937 profluere
436 1871 633 1922 debere.
708 1871 923 1923 Christus
958 1885 1082 1921 unus
1121 1877 1209 1937 est,
1249 1872 1361 1938 quia
1387 1887 1536 1922 unum
1560 1871 1707 1923 habet
1731 1877 1887 1938 caput,
1923 1869 2080 1921 Deum
2106 1871 2324 1937 Patrem3

28 1961 239 2013 ecclesia
274 1961 495 2014 similiter
529 1977 624 2013 una
662 1969 759 2028 est,-
799 1963 909 2030 quia
945 1978 1094 2013 unum
1129 1961 1276 2014 habet
1313 1969 1482 2029 caput,
1521 1964 1677 2029 ipsum
1714 1962 2004 2014 Christum.“

201 2057 313 2104 335.
389 2054 572 2105 Verum
595 2056 641 2081 ⁷⁶
686 2053 945 2121 concludit,
982 2053 1298 2104 indubitatum
1337 2054 1601 2105 existimari
1637 2052 1797 2118 debet,
1836 2068 1968 2119 „non
2004 2052 2229 2104 sufficere
2265 2053 2326 2104 ad

22 2143 262 2196 ecclesiae
299 2147 530 2196 unitatem
566 2152 705 2212 0311111
742 2145 1009 2211 Christum,
1059 2144 1149 2195 sed
1185 2159 1305 2195 vero
1341 2145 1391 2194 in
1428 2145 1638 2196 ecclesia
1674 2144 1850 2196 visibili
1897 2144 1958 2195 de
1994 2145 2169 2195 visibili
2203 2144 2326 2196 haec

24 2250 135 2285 esse
179 2237 334 2302 capite
370 2236 729 2303 intelligenda:
773 2237 882 2289 Jam
919 2238 1048 2288 enim
1088 2235 1387 2287 ostendimus
1423 2236 1542 2287 nihil
1577 2236 2028 2289 esseinvisibilium
2066 2242 2326 2302 expectan-

23 2325 134 2375 dum
182 2342 210 2376 a
258 2325 364 2377 Deo
413 2329 507 2378 nisi
553 2328 684 2393 quod
730 2344 759 2380 a
804 2327 1072 2380 visibilibus
1122 2328 1436 2394 externisque
1473 2328 1707 2396 symbolis
1742 2333 2137 2394 repraesentetur
2182 2333 2325 2392 atque

22 2416 334 2483 significetur.
406 2418 613 2469 Proinde
661 2420 755 2470 nisi
801 2420 852 2469 in
903 2418 1115 2470 ecclesia
1151 2419 1326 2470 visibili
1352 2423 1396 2447 ⁷⁷
1435 2421 1497 2471 sit
1530 2421 1674 2470 etiam
1709 2419 1866 2469 unitas
1901 2417 2101 2469 visibilis
2137 2419 2186 2467 in
2222 2419 2326 2469 eius

24 2509 364 2558 constitutione
413 2515 804 2575 repraesentata,
852 2510 1082 2560 unitatem
1130 2509 1260 2560 illam
1296 2509 1586 2560 invisibilem
1623 2509 1865 2560 ecclesiae
1900 2509 2120 2560 membra
2158 2525 2186 2559 a
2220 2507 2325 2558 Deo

21 2598 196 2650 frustra
243 2600 620 2665 expectabimus.
692 2600 753 2652 Ni
801 2600 924 2651 adsit
965 2601 1015 2650 in
1063 2600 1274 2651 ecclesia
1320 2600 1509 2651 visibile
1550 2602 1694 2651 etiam
1732 2606 1897 2666 caput,
1944 2616 2038 2650 nec
2088 2599 2324 2650 visibilem

22 2691 253 2741 unitatem
289 2691 473 2743 habere
509 2707 767 2758 possumus
804 2707 832 2742 a
869 2691 1066 2756 visibili,
1102 2697 1156 2742 ut
1191 2691 1303 2757 dixi,
1343 2691 1497 2762 capite
1533 2691 1864 2757 repetendam,
1899 2705 1994 2742 nec
2032 2682 2186 2741 6113111
2214 2705 2323 2740 011111

25 2780 211 2832 Christo
257 2782 485 2834 invisibili
531 2784 686 2850 capite
739 2782 1106 2849 coniungemur.
1190 2781 1252 2833 Ni
1297 2781 1576 2832 deriventur
1632 2784 1682 2832 in
1733 2781 1944 2833 ecclesia
1991 2781 2207 2832 visibiles
2258 2781 2324 2831 illi

27 2873 212 2937 gratiae
252 2874 448 2925 canales
483 2890 511 2925 3
546 2874 722 2925 visibili
759 2873 863 2925 eius
900 2874 1055 2939 capite
1084 2876 1131 2900 ⁷⁸
1171 2887 1261 2938 per
1296 2878 1615 2937 sacramenta,
1652 2887 1747 2923 nec
1783 2873 1874 2923 erit
1909 2872 2042 2939 quod
2071 2888 2099 2922 a
2136 2871 2323 2922 Christo

26 2963 252 3014 invisibili
300 2966 456 3031 capite
501 2965 792 3015 invisibilem
841 2971 1259 3016 sacramentorum
1303 2964 1508 3029 gratiam
1555 2962 1825 3030 speremus.
1896 2963 1956 3013 Ni
1990 2979 2138 3013 unum
2182 2977 2324 3028 prae-

25 3059 161 3105 terea
197 3056 257 3105 sit
289 3056 476 3107 visibile
511 3063 675 3122 caput,
724 3071 823 3107 non
860 3057 951 3107 erit
982 3056 1174 3106 unitatis
1212 3054 1412 3105 visibilis
1450 3054 1792 3121 primordium,
1829 3070 1923 3105 nec
1958 3053 2208 3105 invisibilis
2245 3069 2325 3103 ca-

23 3145 132 3209 pitis
169 3145 317 3210 ipsius
356 3146 530 3198 Christi
567 3143 833 3216 άρῥαβαίν.
907 3146 1031 3206 Quid
1068 3147 1199 3215 quod
1234 3149 1337 3213 ipsa
1375 3147 1519 3196 etiam
1560 3152 1865 3196 sacramenta
1900 3145 2100 3196 visibilis
2134 3145 2325 3194 unitatis

26 3235 342 3287 instrumenta
385 3244 528 3304 atque
577 3239 807 3304 pignora,
853 3237 1059 3303 probant
1106 3239 1302 3288 omnino
1352 3252 1523 3288 eorum
1564 3238 1779 3287 omnium
1817 3238 2160 3288 necessitatem
2199 3250 2323 3300 quae

29 3331 139 3375 sunt
168 3325 229 3376 ad
263 3327 502 3378 visibilem
535 3330 768 3380 unitatem
805 3329 1107 3393 necessaria,
1158 3344 1251 3379 nec
1293 3343 1405 3379 esse
1444 3328 1582 3379 aliter
1626 3329 1688 3380 de
1730 3329 1956 3380 invisibili
1991 3342 2183 3394 quoque
2220 3326 2324 3375 uni-

27 3421 122 3466 tate
158 3418 586 3484 participandum.“

249 3512 270 3522 a

130 3573 203 3635 ⁷⁵)
236 3574 424 3620 Dissert.
461 3576 536 3623 cit.
572 3575 616 3636 §.
647 3577 762 3624 XXI.
1319 3576 1394 3638 vs)
1427 3576 1601 3624 Etenim
1646 3577 1808 3638 Ephes.
1845 3578 1918 3623 IV.
1958 3576 2031 3622 12.
2078 3568 2103 3621 ὁ
2150 3590 2320 3638 καταρ-

680 3651 683 3653 ’
1216 3657 1374 3726 τισμὸς
1406 3661 1499 3711 τῶν
1532 3658 1673 3728 ἁγίων
1706 3665 1783 3711 καὶ
1815 3658 1844 3725 ἡ
1880 3656 2097 3725 οἰκοδομή
2123 3659 2207 3710 τοῦ
2234 3657 2323 3710 σώ-

1216 3767 1363 3813 ματος
1395 3749 1479 3799 τοῦ
1511 3749 1723 3816 Χριστοῦ
1767 3753 1821 3798 ab
1870 3753 1925 3797 iis
1960 3752 2184 3811 proficisci
2218 3754 2325 3797 visi-

0 3897 1 3900 ,
136 3835 209 3896 ⁷⁷)
245 3836 484 3898 Utrumque
507 3838 624 3884 enim
647 3840 839 3885 iunctum
869 3851 1135 3884 connexum·
1217 3840 1370 3885 biliter
1426 3841 1619 3896 debent,
1690 3840 1848 3899 quibus
1908 3834 2037 3901 ἔργον
2094 3838 2324 3892 διακονίας

0 3972 2 3996 ι
34 3932 117 3980 «pie
151 3922 349 3970 Christus
383 3925 550 3987 voluit,
598 3927 672 3985 qui
706 3939 795 3973 non
830 3927 960 3972 aliam
1006 3940 1135 3985 quam
1220 3929 1505 3974 commissum
1548 3934 1630 3974 est.
1707 3927 1842 3985 Atqui
1876 3927 1961 3972 hos
1997 3928 2108 3973 inter
2143 3929 2181 3972 is
2217 3930 2324 3973 emi-

33 4009 266 4057 ecclesiam
300 4013 539 4074 visibilem,
577 4014 863 4073 eamdemque
890 4028 1018 4060 unam
1042 4014 1134 4059 suis
1218 4023 1316 4078 net,
1368 4018 1440 4076 qui
1476 4016 1746 4061 oecumenici
1791 4016 1950 4074 capitis
1996 4015 2209 4073 dignitate
2244 4016 2324 4060 do-

135 3703 209 3765 76)
241 3705 428 3752 Dissert.
465 3707 539 3753 cit.
576 3707 620 3767 §.
647 3708 783 3757 XXII.

20 4095 414 4161 promissionibus,
451 4101 669 4161 donisque
703 4102 1002 4162 locupletavit.
1218 4111 1345 4151 natus
1381 4119 1407 4150 a
1442 4104 1616 4149 Christo
1653 4103 1838 4163 audivit,
1867 4117 2010 4163 pasce
2044 4117 2149 4150 oves
2181 4117 2320 4149 meas.

113 4199 298 4244 Passaglia
310 4226 319 4244 ,
345 4205 634 4237 commentarius.
1897 4191 1970 4251 17
