2574 4276
1031 84 1276 139 CAPUT
1344 83 1441 136 ΙΙΙ.
2324 82 2390 130 21

99 237 279 284 matun
310 230 439 283 l’etn‘
470 228 705 297 suffragio
741 227 1031 281 'lraditionis
1059 227 1395 294 comprobare.
1464 221 1704 290 Principio
1737 220 1869 272 enim
1896 218 2157 271 ostendant
2189 225 2396 286 oportet,

100 323 432 390 expositiones
476 320 736 372 bibliorum
783 337 812 371 a
852 320 1092 371 sententia
1127 317 1418 369 Traditionis
1453 315 1637 366 alienas
1673 328 1736 364 eo
1772 327 1887 363 esse
1919 311 2148 378 indignas
2181 311 2397 374 nomine,

98 430 159 465 ac
189 415 299 465 iure
324 413 499 464 merito
534 413 662 462 inter
695 410 996 477 corruptelas
1034 409 1228 461 haberi:
1262 414 1366 459 mm
1400 405 1666 459 ostendere
1700 409 1751 455 et
1781 401 1901 453 illud
1922 401 2119 467 debent,
2155 402 2398 467 interpre-

0 529 3 575 f.
96 505 329 556 tationem
377 517 440 553 eo
488 502 685 569 dig-nam
729 503 927 553 nomine
976 499 1141 552 afferri
1183 500 1327 552 aliam
1373 513 1474 550 non
1506 512 1655 565 posse
1673 535 1687 562 ‚
1740 494 1834 545 nisi
1868 506 1995 560 quae
2032 505 2145 542 cum
2180 491 2402 543 doctrina

99 594 386 646 Traditionis
421 594 714 645 adamussim
749 593 1033 644 consentiat.

277 704 358 750 26.
432 698 524 759 Qui
565 705 821 764 utramque
865 697 1075 748 obierint
1106 701 1320 762 partem,
1364 692 1419 744 bi
1449 691 1611 743 solum
1644 691 1841 743 censeri
1874 694 2078 756 possunt
2116 686 2396 754 Traditioni,

102 790 382 857 scripturis,
429 788 544 840 fidei
589 788 838 854 deposito,
883 791 1029 852 atque
1072 785 1166 851 ipsi
1200 783 1328 834 adeo
1361 783 1554 833 veritati
1586 781 1928 848 prospexisse:
1973 786 2119 846 atque
2157 779 2210 830 hi
2241 779 2400 830 solum

101 881 193 932 sibi
226 895 327 931 non
359 880 535 931 iniuria
568 877 886 945 pollicentur,
923 889 987 926 eo
1017 879 1311 941 agumento
1345 889 1376 924 a
1410 887 1467 924 se
1508 886 1732 923 caussam
1768 871 1981 937 defendi,
2019 870 2150 937 quod
2186 872 2401 922 omnium

100 973 250 1039 longe
291 969 664 1033 unwanum,
714 967 911 1017 nemine
961 965 1279 1016 dissentiente
1293 1004 1307 1030 ,
1370 964 1690 1015 existimetur.
1761 961 1914 1012 Huius
1960 963 2236 1028 argumenti
2282 976 2401 1013 usus

99 1056 332 1128 hequem
375 1064 452 1110 est
504 1057 633 1124 apud
674 1057 868 1122 Patres,
924 1062 974 1107 et
1019 1055 1165 1123 quale
1211 1054 1333 1106 illud
1376 1056 1465 1120 sit,
1520 1069 1622 1104 non
1664 1066 1764 1104 uno
1809 1052 1861 1102 in
1913 1050 2026 1102 loco
2081 1052 2403 1103 Tertullianus

98 1150 327 1202 declarat.
395 1148 516 1200 Huc
556 1149 686 1199 enim
731 1148 825 1198 ista
866 1149 1112 1214 pertinent
1133 1149 1209 1197 ²⁰:
1246 1203 1252 1207 ,
1280 1145 1390 1212 „Ex
1433 1146 1540 1212 ipso
1577 1143 1750 1195 ordine
1785 1141 2147 1207 manifestatur,
2188 1142 2239 1193 id
2287 1158 2401 1195 esse

99 1241 394 1292 dominicum
435 1245 487 1291 et
528 1253 701 1290 verum
747 1237 880 1305 quod
926 1239 990 1290 sit
1030 1239 1166 1305 prius
1210 1237 1465 1304 traditum3
1513 1236 1565 1288 id
1609 1241 1772 1288 autem
1808 1239 2098 1285 extraneum
2134 1238 2185 1283 et
2229 1233 2403 1285 falsum

100 1331 232 1400 quod
275 1332 339 1382 sit
382 1331 624 1398 posterius
667 1330 990 1381 immissmn.“
1059 1329 1181 1380 Tum
1227 1328 1354 1380 haec
1372 1368 1387 1395 ,
1436 1327 1611 1395 quibus
1666 1325 1990 1379 exsultantem
2011 1326 2031 1352 ²
2045 1327 2057 1350 ¹
2105 1322 2404 1375 Marcionem

101 1422 391 1490 compescit:
463 1420 618 1489 „Quis
662 1422 791 1472 inter
836 1435 929 1472 nos
964 1419 1331 1486 determinabit,
1377 1420 1472 1470 nisi
1492 1418 1740 1485 ‘temporis
1777 1418 1901 1468 ratio
1914 1456 1929 1482 ‚
1980 1415 2027 1466 ei
2060 1415 2403 1482 praescribens

100 1515 455 1579 auctoritatem,
501 1512 634 1580 quod
679 1514 920 1579 antiquius
966 1512 1262 1579 reperiatur,
1326 1517 1376 1561 et
1419 1511 1467 1561 ei
1511 1508 1852 1577 praeiudicans
1898 1508 2195 1558 vitiationem
2208 1547 2222 1572 ‚
2273 1507 2406 1573 quod

98 1606 340 1672 posterius
383 1605 663 1657 revincetur
674 1602 734 1655 ?“
803 1603 942 1655 Unde
990 1603 1317 1671 Hieronymus
1340 1604 1416 1652 ²²:
1487 1601 1620 1668 „Cur
1661 1606 1774 1668 post
1816 1599 2201 1668 quadringentos
2248 1614 2403 1651 annos

101 1696 282 1748 docere
333 1710 427 1747 nos
478 1696 650 1747 niteris
700 1694 833 1762 quod
884 1700 997 1745 ante
1047 1695 1345 1745 nescivimus
1358 1690 1419 1744 ξι(
1469 1698 1521 1743 et
1568 1691 1873 1744 Caelestinus
1894 1693 1942 1718 ²³
1983 1691 2159 1743 eadem
2209 1696 2400 1742 mente:

101 1787 463 1854 „Corripiantur
506 1786 804 1852 huiusmodi,
852 1801 953 1837 nou
998 1786 1061 1836 sit
1105 1785 1199 1837 illis
1233 1785 1440 1836 liberum
1475 1783 1662 1835 habere
1696 1798 1786 1850 pro
1822 1782 2069 1834 voluntate
2104 1797 2399 1834 sermonem.

98 1879 299 1931 Doeimt
343 1878 597 1930 incessere
649 1880 839 1929 novitas
892 1878 1231 1929 vetustatem.“
1299 1875 1475 1942 Neque
1529 1875 1670 1927 aliter
1721 1873 1883 1927 Sixtus
1906 1877 1952 1900 ²⁴
2002 1873 2145 1925 huius
2191 1874 2400 1925 nominis

98 1971 293 2022 tertius:
361 1968 527 2036 „Nihil
556 1968 682 2020 ultra
714 1969 859 2021 liceat
887 1969 1114 2034 novitati,
1152 1969 1264 2035 quia
1297 1967 1415 2018 nihil
1449 1967 1563 2019 addi
1597 1968 1827 2018 convenit
1858 1966 2135 2018 vetustati.“

275 2074 435 2136 Quum
462 2076 627 2141 itaque
658 2080 791 2126 tanta
825 2076 889 2126 sit
919 2074 1211 2141 antiquitatis
1246 2073 1484 2139 dignitaS,
1532 2077 1585 2123 et
1618 2078 1719 2123 tam
1753 2071 1914 2123 valida
1949 2087 2075 2138 quae
2112 2086 2178 2123 ex
2211 2077 2399 2138 tempo-

98 2180 207 2218 rum
244 2165 418 2217 ordine
463 2167 781 2233 praescriptio
818 2167 1066 2232 dirigitur3
1113 2166 1311 2232 quinam
1324 2204 1339 2230 ‚
1385 2178 1572 2230 quaeso
1586 2203 1602 2229 ‚
1646 2163 1709 2215 ad
1743 2169 2033 2215 vetustatem
2067 2160 2404 2231 provocabunt

100 2256 444 2322 conlidentiuS‚
481 2272 543 2308 ac
587 2259 820 2324 temporis
862 2258 1245 2324 praescriptione
1290 2261 1486 2306 utentur
1531 2256 1782 2321 securim,
1826 2270 1971 2323 quam
2009 2255 2071 2322 ii,
2119 2256 2202 2321 qui
2236 2255 2398 2320 certiS,

103 2347 462 2415 exploratisque
494 2347 759 2400 rationibus
793 2347 1136 2416 patefecerint,
1184 2347 1453 2398 doctrinam
1482 2346 1779 2430 t:Traditione
1819 2352 2071 2414 acceptam
2104 2345 2223 2397 nihil
2256 2361 2398 2413 prae-

104 2522 214 2581 tiqui
244 2521 442 2567 foederis
467 2522 735 2568 testimoniis
758 2527 911 2568 contra
934 2522 1208 2577 socinianos‚

101 2614 446 2655 renense-antes
484 2614 533 2655 et
572 2610 871 2656 rationalistas
911 2610 1207 2656 vindicantur.

100 2697 307 2744 Profecto
338 2697 457 2757 siqui
490 2697 539 2744 id
570 2697 657 2744 sibi
690 2700 840 2744 oneris
873 2695 1126 2758 i‘mponunt,
1160 2703 1210 2743 ut

101 2776 327 2847 ἁρμονίων
356 2787 473 2831 inter
503 2791 733 2846 utrumque
765 2792 968 2848 pactum,
1004 2788 1208 2833 christia-

100 2887 288 2933 namque
320 2873 744 2920 demonstrationem
780 2889 933 2921 eruere
965 2876 1069 2921 inde
1101 2889 1209 2936 pos-

102 2961 218 3021 sint,
259 2975 446 3008 aecesse
492 2967 565 3008 est
601 2962 936 3009 demonstrent:
987 2963 1022 3008 1.
1064 2963 1206 3009 refelli

102 3048 219 3095 haud
259 3063 395 3108 aegre
437 3063 574 3110 poaee
617 3065 732 3111 quae
776 3057 1076 3110 congeruntur
1091 3087 1105 3112 ,
1157 3056 1207 3097 ut

102 3137 371 3194 significatio
421 3137 568 3184 effatis
616 3139 817 3185 subiecta
859 3141 916 3186 V.
952 3140 1002 3185 Τ.
1049 3139 1105 3184 ab
1150 3153 1203 3184 ea

103 3224 277 3271 diver-
296 3226 571 3287 ostendatur,
598 3241 714 3286 quae
735 3228 970 3274 adhibetur
989 3230 1035 3274 in
1057 3241 1205 3273 novo:

105 3317 196 3356 tu·
236 3311 292 3358 ll.
331 3313 493 3360 idonea
541 3320 722 3374 praesto
771 3329 873 3360 esse
922 3322 1204 3377 argumenta,

104 3399 262 3459 quibus
306 3401 541 3448 suadentiu-
554 3437 569 3463 ‚
624 3405 926 3464 acceptionem
978 3405 1023 3449 in
1065 3404 1117 3449 N.
1154 3405 1203 3450 Τ.

103 3492 852 3552 mrpatanc-eaeomtire,
886 3506 997 3552 quae
1032 3493 1206 3538 obtinet

99 3576 146 3621 in
178 3576 337 3620 veteri.
409 3576 502 3623 Sd
538 3591 685 3624 noane
724 3579 972 3625 decretoria
1017 3585 1111 3639 oet,
1157 3586 1204 3627 et

100 3677 181 3723 par
210 3663 316 3709 fidei
348 3663 574 3713 faciundae
603 3668 875 3728 auctoritas,
908 3682 994 3728 qua
1016 3669 1205 3727 scripto-

99 3765 173 3799 res
203 3752 257 3797 N.
292 3751 342 3797 Τ.
386 3743 593 3811 pollent?
632 3767 771 3801 nemo
813 3761 884 3801 est
925 3756 1204 3802 orthodoxo-

99 3853 223 3900 rum,
256 3841 330 3899 qui
363 3853 417 3885 ea
449 3839 507 3884 de
538 3853 589 3885 re
618 3840 743 3888 lite·
774 3849 966 3890 moveat.
1032 3844 1203 3891 Milo

99 3927 1202 3992 mmmmm-&Quave

0 4009 9 4086 ξ
99 4015 534 4064 summme·
575 4016 769 4079 ineam,
808 4020 1201 4069 &tue-dacia-

1290 2520 1595 2582 terpretatioui
1630 2533 1809 2582 eorum,
1853 2534 1967 2581 quae
2000 2535 2059 2567 ex
2091 2522 2269 2581 antiquo
2303 2521 2400 2567 foe-

1289 2610 1395 2656 dere
1429 2610 1698 2671 allegantur,
1733 2610 1877 2669 impar
1908 2609 2050 2671 soret3
2093 2611 2132 2655 si
2166 2610 2397 2670 sociniani,

1287 2703 1632 2744 remonstrantae
1667 2703 1713 2743 et
1742 2697 2047 2743 rationalistae
2090 2699 2249 2744 merito
2294 2712 2399 2744 con-

1287 2787 1543 2846 tenderent,
1594 2791 1852 2845 argumenta
1886 2801 1913 2831 e
1944 2786 2121 2845 legibus
2167 2793 2399 2846 accuratae

1289 2875 1669 2934 interpretationis
1703 2875 1961 2935 desumpta,
2008 2875 2165 2935 quibus
2206 2881 2396 2937 utuntur,

1288 2963 1392 3008 talia
1437 2976 1563 3023 asse,
1611 2968 1662 3009 ut
1705 2963 1822 3009 eludi
1867 2963 2043 3023 quidem
2083 2965 2280 3026 possint,
2331 2965 2399 3010 in·-

1288 3052 1423 3109 i'ringi
1456 3055 1504 3096 et
1533 3052 1718 3117 refutari
1748 3064 1838 3097 non
1872 3052 2061 3111 possint.
2130 3052 2224 3108 Qua
2259 3053 2316 3098 de
2347 3067 2397 3098 re

1286 3139 1512 3199 praeclare
1560 3140 1742 3186 disserit
1789 3140 2068 3187 Godofredus
2113 3140 2398 3199 Hegelmaier

1285 3230 1331 3274 in
1364 3228 1748 3275 Commentatione
1788 3229 2301 3287 historico-theologica
2337 3229 2394 3274 de

1284 3322 1406 3362 recta
1450 3319 1622 3363 ratione
1664 3318 1981 3377 interpretandi
2026 3331 2138 3377 quae
2180 3331 2207 3361 e
2249 3317 2307 3363 V.
2342 3317 2391 3362 Τ.

1285 3406 1330 3450 in
1363 3418 1482 3450 novo
1518 3405 1775 3464 allegantur.

1387 3528 1463 3589 ²²)
1495 3527 1562 3574 De
1595 3527 1874 3586 Praescriptt.
1908 3539 2005 3586 cap.
2037 3525 2197 3572 XXXI.

1387 3651 1463 3712 ²¹)
1499 3651 1607 3696 Con.
1641 3651 1777 3696 liare.
1810 3649 1888 3694 lib.
1909 3649 1987 3694 lv.
2022 3663 2121 3709 cap.
2143 3649 2220 3695 lv.

1386 3774 1463 3835 ²²)
1495 3773 1637 3833 Epist.
1670 3773 1729 3818 ad
1760 3773 2007 3820 Panmacb.
2043 3779 2090 3819 et
2122 3773 2360 3820 Oceanum.

1386 3898 1462 3959 ²³)
1496 3897 1638 3958 Epist.
1675 3897 1732 3942 ad
1764 3897 2000 3958 episcopos
2034 3897 2214 3944 Galliae.

1386 4021 1463 4084 ⁸⁴)
1494 4019 1638 4083 Epist.
1673 4021 1731 4071 ad
1761 4021 2005 4070 solinne-
2039 4020 2362 4070 antiochenum.
