2574 4276
82 85 148 133 44
959 83 1177 138 LIBER.
1248 82 1528 137 PRIMUS

80 221 326 275 Zebedaei
374 224 685 293 BoanergeS,
735 225 885 293 idest,
934 223 1305 276 1611111111,ῆί105
1352 221 1721 289 cognominavit
1743 225 1822 290 ³⁸3
1868 223 1918 275 id
1954 232 2246 292 argumento
2287 233 2407 292 erat,

79 316 235 382 ipsum
273 316 407 367 illum
445 333 587 384 esse,
626 335 654 369 a
693 333 788 384 quo
825 317 1039 368 Jacobus
1076 314 1300 379 Israelis,
1338 313 1503 364 Auses
1540 312 1661 364 Jesu
1697 315 1896 367 nomine
1931 302 2136 369 vocatus
2174 325 2274 384 est,
2321 335 2410 385 per

82 408 211 474 quod
249 423 432 459 nomen
471 411 615 461 etiam
663 411 713 460 in
760 416 891 459 terra
927 404 1215 472 patriarchis
1263 404 1506 470 promissa
1542 404 1844 457 introductus
1883 414 1959 458 est
1993 410 2199 476 populus
2237 427 2301 462 ex
2334 411 2410 463 his

82 507 348 567 supersteS,
389 502 471 567 qui
509 517 572 551 ex
595 499 823 566 Aegypto
857 495 1065 563 profecti
1102 496 1264 546 sunt.‘⁴
1338 495 1423 547 Cui
1460 496 1876 548 animadversioni
1899 498 1979 550 hic
2002 500 2176 568 ⁴subest
2201 518 2405 555 sensus:

76 607 226 643 uuum
265 593 591 658 eumdemque
629 604 742 640 esse
773 588 865 639 Dei
886 588 1092 655 Λόγον,
1132 588 1214 654 qui
1249 589 1298 637 in
1337 603 1486 639 carne
1509 589 1757 655 apparuit,
1797 590 1879 655 qui
1914 592 2201 656 patriarchis
2240 595 2406 660 adsuit,

78 701 136 735 ac
185 691 407 736 veterum
452 680 762 748 οἰκονομίαν
813 679 1267 746 administravit³⁹3
1317 679 1431 730 inde
1480 682 1623 730 etiam
1666 681 1906 748 colligere
1954 683 2092 749 licet,
2143 686 2275 752 quod
2310 702 2410 737 non

81 777 239 827 minus
282 777 330 826 in
369 775 521 826 altera
559 787 705 838 quam
744 772 792 822 in
829 771 907 822 illa
946 773 1112 839 priore
1155 787 1328 823 eorum
1365 773 1563 823 nomina
1604 774 1887 840 mutaverit,
1927 789 2051 840 quos
2089 779 2305 843 apprime
2339 779 2412 829 in-

79 869 276 935 signeS,
327 872 704 931 ceterorumque
755 866 911 932 capita
961 879 1020 914 ac
1057 864 1210 916 duces
1233 867 1279 891 ⁴⁰
1321 880 1434 917 esse
1485 864 1719 917 decrevit.
1792 864 1987 917 Nomen
2035 882 2159 935 ergo
2199 869 2411 937 Cephae,

76 958 206 1025 quod
257 958 473 1009 Christus
523 955 709 1009 Simoni
763 955 1088 1023 promisit⁴¹,
1150 957 1382 1007 indicium
1432 964 1579 1024 atque
1627 964 1971 1024 argumentum
2020 961 2216 1011 censeri
2264 961 2435 1013 debet-

75 1036 224 1115 quum
263 1050 480 1115 virtutiS,
518 1049 833 1115 supremique
871 1047 1104 1115 dominii,
1144 1064 1241 1116 quo
1278 1037 1384 1116 ipse
1424 1049 1643 1102 Christus
1679 1050 1877 1117 gaudet,
1915 1057 2015 1101 tuni
2054 1052 2302 1120 dignitatis
2340 1060 2410 1105 at-

75 1157 170 1207 que
207 1140 562 1206 excellentiae,
603 1140 663 1191 ad
702 1156 847 1207 quam
884 1155 1034 1190 unum
1075 1156 1194 1207 prae
1233 1143 1415 1195 ceteris
1449 1143 1701 1196 Simonem
1741 1144 2013 1195 destinavit.

258 1258 334 1304 17.
413 1255 559 1305 Cuius
609 1253 872 1321 singularis
924 1257 1252 1320 praestantiae
1288 1258 1362 1307 vis
1400 1263 1546 1324 atque
1583 1258 1708 1308 ratio
1745 1257 1971 1324 liquidius
2007 1259 2315 1324 innotescet,
2367 1261 2408 1311 si

72 1352 274 1410 quarto,
314 1353 666 1414 postremoque
704 1346 815 1396 loco
849 1346 1275 1414 animadvertatur,
1317 1348 1517 1416 Cephae
1555 1355 1699 1415 atque
1732 1356 1919 1415 petrae
1958 1341 2333 1417 appellationem
2359 1354 2404 1377 ⁴²

73 1453 172 1488 non
221 1438 439 1489 ultimam
489 1455 553 1490 ex
597 1440 655 1490 iis
705 1454 850 1504 esse,
901 1438 1074 1505 quibus
1126 1442 1323 1507 propria
1361 1441 1536 1492 Christi
1575 1449 1862 1493 ornamenta
1898 1443 1948 1493 in
1986 1441 2248 1510 Scripturis
2290 1443 2410 1495 effe·
2465 1451 2469 1454 ’

70 1537 256 1581 runtur.
306 1530 413 1582 Huc
450 1546 569 1583 sane
595 1531 840 1597 pertinent
864 1530 1017 1582 verba
1042 1547 1198 1598 penes
1225 1532 1399 1584 Isaiam
1426 1535 1491 1599 ⁴³,
1532 1549 1658 1600 quae
1685 1534 1746 1586 de
1773 1534 1965 1586 Christo
1990 1535 2162 1588 Petrus
2189 1537 2335 1587 etiam
2358 1540 2401 1564 ⁴⁴

78 1639 137 1673 ac
187 1617 361 1674 Paulus
389 1626 433 1650 ⁴⁵
486 1624 749 1690 accipiunt:
825 1623 1051 1689 „Idcirco
1087 1624 1213 1676 haec
1259 1625 1374 1676 dicit
1409 1624 1645 1677 Dominus
1681 1626 1840 1679 Deus:
1913 1627 2046 1678 Ecce
2086 1642 2184 1694 ego
2222 1629 2407 1679 mittam

71 1716 121 1766 in
158 1714 485 1767 fundamentis
524 1716 641 1769 Sion
678 1715 913 1782 lapidem,
954 1716 1164 1784 lapidem
1199 1717 1481 1785 probatum,
1523 1719 1837 1786 angularem,
1876 1719 2173 1786 pretiosum,
2210 1720 2261 1771 in
2299 1720 2406 1773 fun-

181 1915 256 1976 35)
305 1916 386 1961 Η15
421 1915 563 1961 refelli
600 1915 775 1961 videtur
809 1916 928 1976 quod
965 1917 1204 1963 affirmavi-

75 2018 185 2066 mus,
227 2007 299 2050 uni
327 2006 502 2051 Simoni
537 2018 701 2051 novum
737 2018 898 2051 nomen
932 2008 1201 2066 promissum

74 2110 98 2139 a
137 2094 316 2140 Christo
353 2095 494 2140 fuisse
532 2101 662 2155 atque
698 2095 922 2157 collatum,
961 2111 1094 2156 quum
1130 2111 1200 2142 re-

67 2185 237 2230 ferente
271 2184 423 2230 Marco
461 2198 558 2243 cap.
586 2185 659 2230 111.
690 2185 765 2230 17.
806 2185 1033 2230 Zebedaei
1083 2186 1199 2231 filios

67 2273 288 2318 Jacobum
325 2278 369 2317 et
402 2273 650 2318 «Iohannem
686 2270 952 2336 βοανεργές,
998 2265 1027 2319 ὅ
1061 2273 1195 2330 ἐστιν,

67 2361 154 2408 υἱοὶ
211 2357 441 2425 βροντῆς,
509 2363 700 2422 ipsemet
756 2363 933 2408 dixerit.
1028 2363 1194 2409 Verum

67 2452 100 2496 I.
138 2465 267 2511 quum
307 2451 533 2497 Zebedaei
570 2453 646 2498 filii
690 2452 831 2498 semel
864 2458 1038 2497 tantum
1082 2449 1195 2515 βοα-

69 2539 215 2603 νεργὲς
251 2542 548 2603 appellentur,
591 2541 749 2587 Simon
785 2547 940 2587 contra
976 2555 1065 2587 non
1104 2542 1193 2587 alio

70 2631 212 2675 ferme
246 2632 427 2675 nomine
464 2644 594 2690 quam
623 2631 741 2676 Petri
776 2637 1064 2691 nuncupatur.
1124 2630 1196 2677 Ad

67 2720 179 2764 haec
213 2719 266 2764 II.
296 2720 536 2780 appellatio
568 2716 810 2782 βοανεργὲς
834 2735 977 2780 neque
1003 2721 1198 2766 auctori-

72 2813 206 2853 tatem
261 2809 485 2869 praefert,
538 2823 681 2869 neque
735 2809 791 2854 ad
843 2810 1194 2855 ecclesiasticam

73 2898 502 2943 administrationem
528 2898 740 2959 refertur,
776 2898 891 2943 Petri
930 2903 1075 2944 autem
1112 2911 1195 2944 no-

67 3001 166 3032 men
192 2991 236 3031 et
258 2992 427 3032 tessera
463 2992 531 3032 est
566 2989 821 3048 potestatiS,
860 2990 1193 3034 auctoritatem-

64 3090 149 3135 que
186 3075 395 3134 designat
430 3077 474 3120 in
510 3077 699 3121 ecclesia
738 3077 988 3138 potiorem,
1040 3092 1192 3136 quem-

64 3164 305 3210 admodum
352 3165 424 3209 vel
470 3179 555 3210 una
605 3166 867 3224 metaphora
921 3166 1192 3212 fundamenti

62 3267 170 3313 prae
223 3253 414 3298 ecclesia
468 3253 610 3298 instar
663 3254 846 3314 templi,
907 3254 1192 3314 civitatisque

699 3342 853 3401 ltaque
888 3342 962 3388 III.
999 3343 1087 3388 hoc
1124 3344 1191 3388 di-

62 3437 153 3477 stat
204 3444 367 3476 nomen
420 3428 660 3494 βοανεργὲς
713 3431 768 3475 de
816 3431 918 3475 filiis
966 3431 1190 3478 Zebedaei

63 3342 345 3387 considerata
388 3343 616 3401 patefacit.

63 3520 200 3565 semel
246 3520 493 3566 adhibitum
536 3520 591 3565 ab
631 3519 930 3579 appellatione
965 3520 1082 3566 Petri
1119 3521 1190 3566 Si—

66 3610 186 3654 moni
222 3608 377 3668 indita,
417 3610 536 3668 quod
572 3609 684 3654 haec
718 3610 859 3654 instar
891 3610 1074 3669 proprii
1108 3623 1189 3654 no-

65 3699 194 3743 minis
219 3698 363 3756 fuerit,
401 3698 509 3743 illud
534 3711 622 3743 non
646 3699 779 3760 item,
814 3698 928 3743 haec
963 3697 1187 3757 potiorem

64 3788 289 3846 significet
323 3786 367 3830 in
400 3786 589 3831 ecclesia
626 3786 822 3845 regenda
860 3788 1186 3846 auctoritatem,

64 3875 173 3922 nihil
218 3887 328 3921 vero
377 3875 596 3920 eiusmodi
633 3887 688 3920 eo
724 3875 902 3920 nomine
944 3874 1189 3935 indicetur,

65 3965 184 4024 quod
207 3965 321 4009 haec
342 3977 449 4009 vera
475 3963 676 4009 extiterit
707 3964 901 4010 nominis
938 3964 1187 4025 impositiO,

67 4054 174 4101 illud
211 4057 358 4100 autem
394 4053 696 4100 manifestatio
726 4055 876 4114 potius
900 4054 1189 4115 proprietatis

1287 1920 1486 1981 alicuius,
1523 1934 1635 1980 quae
1670 1922 1713 1965 in
1751 1919 1975 1965 Zebedaei
2010 1920 2112 1966 filiis
2146 1921 2405 1983 refulgeret,

1286 2024 1415 2069 quam
1451 2010 1643 2054 nominis
1679 2011 1910 2069 impositio
1946 2010 2118 2055 censeri
2152 2010 2328 2055 debeat.
2380 1993 2388 2002 ⁸

1390 2098 1466 2160 ³⁹)
1500 2099 1599 2144 Non
1635 2099 1843 2144 dissimili
1879 2099 2096 2144 inferendi
2130 2099 2307 2145 ratione
2333 2114 2405 2146 ce-

1283 2188 1367 2232 teri
1402 2192 1578 2232 utuntur
1612 2188 1791 2249 Patres,
1830 2188 2053 2248 IrenaeuS,
2091 2188 2403 2249 Tertullianus,

1283 2276 1531 2336 Origenes,
1584 2282 1631 2322 ut
1677 2291 1808 2322 unum
1861 2277 2154 2337 eumdemque
2204 2279 2401 2324 foederis
2473 2320 2475 2323 .

1282 2366 1508 2425 utriusque
1544 2371 1790 2427 auctorem,
1829 2366 2210 2426 mediatoremque
2245 2368 2404 2414 adver-

1282 2468 1356 2500 sus
1392 2456 1700 2513 gnosticorum
1738 2456 1892 2500 deliria
1930 2462 2293 2503 commonstrent.

1389 2558 1461 2619 ⁴⁰)
1519 2559 1567 2604 Id
1620 2560 1736 2604 enim
1790 2561 1992 2619 exempla
2045 2560 2240 2619 probant
2291 2575 2402 2620 quae

1281 2649 1480 2694 Justinus
1519 2648 1714 2693 adhibet.

1387 2751 1460 2813 ⁴¹)
1497 2751 1575 2797 Cui
1611 2751 1887 2797 conclusioni
1920 2750 1997 2796 vix
2022 2750 2201 2809 aliquod
2235 2751 2402 2795 inesset

1280 2841 1441 2902 robur,
1496 2841 1536 2886 si
1580 2841 1698 2900 quod
1743 2840 1941 2885 Christus
1985 2841 2228 2899 praestitit,
2283 2839 2398 2884 nuda

1279 2932 1386 2976 novi
1422 2931 1616 2976 nominis
1653 2928 1941 2988 impositione
1977 2929 2088 2973 citra
2124 2942 2216 2972 rem
2255 2929 2397 2987 ipsam

1278 3021 1578 3079 significatam
1615 3019 1925 3064 contineretur.

1385 3123 1459 3184 42)
1499 3122 1637 3169 Sumo
1673 3122 1716 3166 in
1752 3119 2006 3180 praesentia
2042 3118 2176 3163 veluti
2215 3123 2397 3178 certum,

1278 3213 1396 3273 quod
1446 3211 1737 3272 opportunius
1784 3207 2130 3267 demonstrabo,
2179 3207 2397 3252 vocabula

1276 3296 1456 3363 κηφοῖς,
1491 3299 1689 3362 πέτραν,
1725 3297 1918 3356 πέτρον,
1964 3293 2126 3351 λίθον,
2174 3297 2400 3354 significa-

1276 3391 1396 3435 tione
1434 3389 1746 3449 aequipollere.

1382 3493 1456 3554 43)
1507 3493 1565 3537 15.
1600 3490 1799 3538 XXVIII.
1845 3487 1929 3534 16:
1981 3487 2057 3532 ubi
2104 3488 2241 3533 verba
2291 3489 2397 3533 Vul-

1273 3584 1394 3644 gati,
1447 3596 1541 3628 non
1588 3581 1803 3639 festinet,
1856 3577 2067 3622 hebraice
2119 3583 2249 3638 sunt,
2303 3591 2398 3623 non

1273 3671 1458 3717 timebit.

1380 3774 1454 3834 ⁴¹²)
1491 3773 1544 3817 ΙΙ.
1571 3771 1684 3816 Petr.
1719 3769 1772 3813 ll.
1809 3767 1854 3812 4.
1891 3780 2013 3826 seqq.

1381 3874 1454 3935 ⁴5)
1492 3875 1618 3920 Rom.
1655 3872 1730 3918 IX.
1768 3870 1989 3916 32—33:
2027 3870 2102 3915 ubi
2140 3870 2227 3915 duo
2263 3868 2394 3913 simul

1273 3964 1528 4010 testimonia
1578 3961 1922 4032 coniunguntur,
1967 3959 2025 4004 Is.
2062 3958 2178 4005 VIII.
2218 3957 2304 4017 14,
2351 3962 2395 4003 et

1274 4052 1474 4101 XXVIII.
1514 4049 1589 4098 16.
