2574 4276
246 114 310 164 18
1118 108 1623 163 PROLEGOMEN
1625 111 1676 160 A

421 251 492 304 Sit
535 258 706 303 autem.
740 251 867 302 istud
904 251 1110 317 primum
1125 290 1139 315 ,
1183 249 1434 315 quodnam
1478 250 1572 315 ipsi
1618 248 1680 300 de
1724 251 2055 316 propositione
2082 255 2324 313 iudicium
2356 256 2556 326 ferrent,

241 358 335 409 qua
372 343 575 410 abrupte
611 342 932 395 affirmaretur
947 358 976 391 :v
1002 341 1230 412 „potiora
1270 354 1397 405 quae
1433 355 1463 389 e
1499 338 1658 392 bibliis
1684 339 1859 392 adduci
1881 345 2155 402 testimonia
2181 336 2556 417 consueverunt,

239 450 297 486 ac
333 451 391 486 ea
428 437 736 501 nominatim,
788 448 912 499 quae
959 445 1115 497 penes
1150 429 1474 496 Matthaeum,
1527 431 1709 482 Lucam
1746 438 1796 483 et
1827 421 2102 502 ,Iohannem
2135 439 2399 507 habentur,
2428 442 2561 494 vtalia

241 541 378 593 esse,
417 533 469 577 nt
505 540 705 595 operam
741 522 1134 583 manifestissime
1168 521 1399 589 perdant,
1441 524 1523 590 qui
1553 524 1753 576 ,illorum
1790 539 1885 592 ope
1923 509 1993 577 36
2017 523 2260 594 praesidio
2295 546 2552 600 summam,

240 618 562 684 eamdemque
598 615 899 682 singularem
936 612 1064 664 Petri
1100 615 1438 665 auctoritatem
1478 614 1693 692 stabilire
1739 618 2127 670 contenderint.“
2159 608 2162 611 ¹
2194 621 2353 676 Dubio
2389 624 2561 691 procul

238 709 533 774 iudicarent,
571 708 646 759 his
684 711 962 756 contentam
998 704 1164 757 verbis
1203 707 1588 773 propositionem
1625 724 1654 759 a
1690 714 1802 759 nota
1841 712 2126 776 temeritatis
2163 718 2213 764 et
2245 717 2558 794 perniciosis-

235 802 345 856 simi
388 800 568 851 erroris
617 797 822 850 subduci
873 812 973 864 non
1024 789 1189 863 110556.
1263 797 1360 848 Cur
1406 797 1698 850 enimvero?
1749 801 1880 867 quod
1930 803 2170 855 eiusmodi
2215 809 2558 884 propositionis

237 899 461 943 auctores
497 879 598 941 non
646 890 888 942 violarent
935 888 1082 940 modo
1122 895 1461 957 ‘quaecumque
1502 892 1665 942 omnia
1700 892 1955 960 legitimae
1987 896 2374 963 interpretationi
2416 913 2559 965 prae-

235 998 348 1035 esse
387 981 592 1050 debent,
643 983 735 1034 sed
771 988 1053 1050 praeterea,
1103 981 1234 1048 quod
1282 982 1432 1050 multo
1478 989 1555 1053 est
1589 985 1818 1052 graviUS,
1867 987 1918 1037 in
1956 1003 2065 1038 eam
2103 987 2412 1041 offenderent
2446 1006 2558 1057 san·

234 1076 469 1142 ctionem,
521 1078 685 1142 (111314
746 1074 1004 1126 tridentina
1046 1074 1263 1142 synodus
1283 1065 1287 1068 ⁴
1309 1074 1407 1142 „ad
1454 1076 1732 1128 coercenda
1775 1077 2038 1145 petulantia
2083 1072 2286 1148 ingenia
2321 1082 2555 1151 decernit,

229 1174 281 1219 ut
315 1183 463 1219 nemo
502 1183 620 1219 suae
667 1168 952 1235 prudentiae
997 1168 1222 1236 innixus,
1270 1168 1321 1218 in
1365 1167 1514 1220 rebus
1561 1167 1676 1221 fidei
1724 1162 1773 1220 61
1808 1184 2022 1237 morum,
2072 1172 2134 1222 ad
2169 1172 2556 1228 aedificationem

232 1259 484 1314 doctrinae
519 1260 811 1326 christianae
836 1259 1179 1328 pertinentium
1216 1252 1408 1312 sacram
1444 1261 1733 1338 scripturam
1768 1261 1831 1313 ad
1854 1257 1970 1337 51105
1996 1278 2172 1316 56115115
2206 1271 2554 1333 contorquenS,

231 1359 401 1404 contra
440 1369 552 1403 eum
592 1368 792 1405 sensum
832 1368 977 1419 quem
1013 1352 1167 1418 tenuit
1210 1357 1258 1403 et
1295 1357 1430 1403 tenet
1472 1358 1640 1404 sancta
1674 1360 1829 1406 mater
1864 1333 2108 1428 66016513,
2148 1358 2284 1409 6111115
2323 1363 2400 1410 651
2433 1358 2555 1410 iudi-

236 1461 351 1497 care
388 1445 449 1496 de
487 1460 607 1498 vero
647 1460 798 1498 sensu
835 1451 883 1496 et
918 1445 1319 1511 interpretatione
1357 1442 1725 1512 scripturarum
1741 1452 2044 1516 sanctarum,
2084 1455 2166 1500 aut
2203 1450 2350 1501 etiam
2386 1455 2557 1502 contra

229 1537 511 1589 unanimem
567 1553 863 1588 consensum
892 1537 1116 1604 Patrum,
1167 1537 1327 1604 ipsam
1381 1537 1669 1604 scripturam
1723 1544 1914 1590 sacram
1966 1540 2277 1608 interpretari
2328 1534 2552 1594 audeat“.

232 1630 354 1681 Tum
393 1630 523 1697 quod
559 1631 634 1681 rei
670 1629 845 1681 fierent
874 1629 1023 1696 spreti
1058 1630 1331 1696 iuramenti,
1352 1645 1399 1690 va
1436 1629 1641 1696 singulis
1678 1615 1960 1699 theologiae
1998 1631 2279 1685 doctoribus
2317 1650 2346 1685 6
2382 1627 2452 1685 Pii
2473 1634 2553 1705 IV,

231 1712 536 1790 praescripto
570 1723 621 1773 in
657 1721 782 1773 haec
818 1721 970 1773 verba
1010 1721 1345 1789 concipiendi:
1420 1721 1655 1788 „Sacram
1694 1723 1983 1789 scripturam
2019 1725 2152 1776 iuxta
2189 1729 2302 1775 eum
2337 1736 2553 1793 sensum,

232 1830 378 1881 quem
413 1815 567 1866 tenuit
604 1821 652 1865 et
688 1821 822 1865 tenet
859 1820 1026 1868 sancta
1062 1820 1219 1865 mater
1256 1813 1484 1880 ecclesia,
1525 1815 1660 1865 cuius
1699 1821 1774 1867 est
1807 1816 2025 1873 iudicare
2063 1815 2125 1868 de
2162 1831 2284 1867 vero
2321 1832 2472 1869 sensu
2507 1823 2557 1868 et

228 1908 630 1974 interpretatione
671 1922 922 1958 sacrarum
960 1907 1308 1973 scripturarum
1346 1905 1572 1973 admittO,
1624 1923 1719 1958 nec
1757 1893 1866 1960 eam
1902 1923 2133 1975 umquam
2168 1909 2262 1959 nisi
2296 1909 2429 1961 iuxta
2463 1923 2553 1960 un-

231 2000 443 2051 animem
488 2014 788 2050 consensum
834 1999 1027 2050 Patrum
1078 1999 1314 2065 accipiam
1375 2005 1424 2050 et
1466 1999 1874 2066 interpretabor.“
1944 1999 2098 2052 Recte
2146 1980 2346 2074 omnino
2394 2005 2446 2073 et
2492 2000 2554 2051 ad

230 2106 453 2148 normam
479 2092 748 2143 catholicae
773 2092 1094 2159 professionis
1120 2091 1512 2153 accommodate„
1580 2090 1678 2144 Sed
1715 2105 1811 2158 quo
1836 2097 1978 2158 pacto
2016 2091 2210 2143 obviam
2246 2092 2374 2143 irent
2407 2105 2553 2163 repo-

229 2185 388 2253 nenti,
438 2191 725 2253 argumenta
774 2184 951 2236 adesse
996 2186 1196 2237 minime
1244 2183 1388 2236 dubia
1434 2200 1462 2236 e
1512 2186 1659 2236 certis
1713 2184 1856 2236 ducta
1902 2183 2303 2236 hermeneuticae
2349 2182 2551 2252 reguIiS,

233 2393 283 2456 a)
319 2393 591 2440 Tertulliano
627 2393 819 2464 validius
853 2394 1210 2453 praescriptione
1245 2407 1349 2439 usus

233 2489 314 2543 est,
353 2497 405 2528 ac
439 2496 571 2529 nemo
607 2484 805 2544 pluribus
834 2484 1077 2545 contendit,
1117 2484 1173 2529 ad
1197 2483 1351 2543 dispu-
1379 2504 1381 2509 ·

232 2574 448 2618 tationem
495 2574 549 2618 de
586 2573 826 2633 Scripturis
861 2562 925 2618 ne
953 2573 1127 2619 admitti
1172 2573 1349 2640 quidem

230 2662 483 2708 haereticos
520 2668 743 2722 oportere.
803 2663 1099 2709 Nihilominus
1137 2664 1350 2709 adversus

230 2752 446 2797 Praxeam
475 2766 676 2811 pugnans
701 2767 727 2797 e
754 2767 803 2798 re
833 2766 933 2801 esse
960 2754 1087 2800 duxit
1122 2751 1246 2813 (cap.
1269 2752 1349 2814 ΙΙ.)

233 2840 472 2887 adnotare:
541 2842 711 2903 „Salva
766 2844 1143 2904 praescriptione,
1199 2843 1351 2902 utique

234 2935 380 2975 tamen
415 2935 599 2990 propter
625 2932 962 2977 instructionem
991 2938 1037 2978 et
1062 2933 1351 2978 munitionem

234 3021 552 3082 quorumdam,
601 3021 792 3067 dandum
830 3035 931 3067 6556
967 3021 1102 3066 6113111
1138 3015 1353 3068 retracta-

233 3109 433 3154 tionibus
469 3109 641 3154 locum:
694 3110 767 3155 vel
800 3124 855 3155 ne
889 3110 1096 3156 videatur
1129 3125 1353 3171 unaquae-

233 3214 316 3258 que
350 3199 639 3260 perversitas,
674 3211 764 3245 non
801 3199 1071 3261 examinata,
1109 3201 1188 3245 sed
1221 3214 1352 3260 prae-

200 3284 203 3285 ’
233 3289 431 3340 iudicata
469 3289 695 3349 damnari,
744 3288 938 3335 maxime
971 3288 1107 3350 haec,
1154 3295 1266 3347 quae
1301 3303 1352 3335 se

233 3379 464 3424 existimat
488 3390 656 3423 meram
681 3378 917 3423 veritatem
941 3375 1225 3437 possidere.“
1279 3378 1353 3424 Ad
1383 3441 1386 3443 Β

231 3467 344 3511 11366
367 3467 419 3528 b)
444 3472 665 3527 quotquot
686 3471 788 3512 sunt
807 3466 977 3525 reliqua
998 3466 1174 3512 Patrum
1198 3479 1350 3528 opera,

234 3562 419 3614 actaque
472 3557 794 3618 conciliorum,
862 3560 931 3600 tot
986 3555 1351 3615 eloquentissima

231 3644 450 3690 habentur
485 3651 760 3708 argumenta,
798 3644 957 3704 quibus
994 3644 1049 3689 de
1080 3644 1230 3690 officio
1256 3658 1352 3691 mo·-

231 3747 387 3779 nemur
431 3735 735 3782 ostendendae
779 3733 1117 3795 consensionis,
1176 3748 1259 3793 qua
1306 3735 1351 3780 in

233 3836 365 3868 unam
421 3824 710 3883 eamdemque
766 3824 1032 3870 sententiam
1093 3821 1351 3882 Scripturae

233 3918 279 3958 et
321 3905 556 3973 ἐξηγητική
604 3912 803 3959 Traditio
851 3916 1131 3959 concurrunt.
1202 3911 1349 3972 Quare

233 3999 280 4061 c)
317 4001 449 4046 initio
478 4001 781 4059 Theologicae
806 4001 1032 4063 Summae,
1069 4006 1115 4047 et
1135 4000 1349 4046 librorum

229 4090 442 4137 adversus
478 4090 672 4137 Gentiles
710 4091 901 4138 Thomas
937 4090 1102 4152 edicit,
1148 4090 1350 4137 eiusdem

1435 2408 1534 2440 esse
1558 2408 1699 2440 unum
1727 2377 2066 2440 contrariorum
2082 2394 2317 2455 prosequi,
2352 2399 2396 2440 et
2422 2392 2554 2439 aliud

1433 2484 1656 2542 refutare.
1735 2483 1793 2530 Et
1837 2484 1998 2529 merito
2043 2483 2122 2545 d),
2175 2496 2306 2543 quum
2352 2483 2550 2542 permitti

1433 2573 1784 2634 protestantibus
1804 2577 2010 2634 nequeat,
2035 2572 2154 2631 quod
2171 2572 2226 2618 de
2243 2572 2549 2618 demonstrato

1435 2663 1627 2709 dissidio
1686 2654 1940 2722 Scripturas
1992 2662 2111 2706 inter
2162 2641 2551 2719 Traditionemque

1435 2743 1698 2813 ἐξηγητικήν
1725 2752 1942 2812 iactitant,
1979 2751 2085 2809 quin
2106 2748 2378 2795 Traditioni‘s
2407 2749 2549 2809 ipsius

1437 2841 1685 2887 auctoritas
1728 2839 1909 2901 oblique
1951 2837 2235 2885 convellatur.
2305 2837 2398 2884 Aut
2432 2839 2549 2883 enim

1435 2925 1635 2993 λογικῶς
1670 2943 1769 2975 63111
1813 2933 2017 2990 spectas,
2067 2932 2120 2978 ,61
2164 2926 2324 2973 60(16111
2368 2927 2547 2973 vinculo

1436 3032 1536 3066 cum
1588 3018 1830 3065 bibliorum
1888 3017 2256 3077 interpretatione
2311 3015 2547 3084 cohaeret,

1437 3123 1524 3171 qno
1560 3111 1837 3168 consequens
1861 3119 1959 3175 cum
1985 3105 2274 3152 antecedente
2304 3105 2548 3165 copulatur.

1435 3198 1669 3247 Aut'illam
1692 3201 1870 3257 spectas
1892 3190 2191 3257 θεολογικῶς,
2222 3200 2267 3240 61
2291 3195 2388 3240 fieri
2410 3194 2549 3240 nulla-

1436 3278 1563 3336 tenus
1595 3292 1772 3349 potest,
1807 3290 1857 3331 ut
1890 3285 1947 3330 iis
1984 3289 2082 3330 tuto
2117 3284 2229 3330 fidas
2266 3283 2548 3345 testantibus,

1437 3364 1512 3440 qui
1553 3378 1655 3424 dum
1701 3376 2070 3435 interpretantur,
2120 3387 2143 3417 a
2180 3374 2371 3421 veritate
2405 3373 2550 3420 disce-

1437 3467 1557 3514 dunt.
1628 3464 1736 3511 Cum
1778 3464 1927 3522 itaque
1974 3462 2178 3520 theologi
2213 3464 2275 3509 sit
2309 3463 2367 3509 ad
2400 3454 2547 3524 (ἑρμο-

1435 3555 1560 3614 νίαν,
1603 3552 2035 3611 consensionemque
2078 3544 2311 3614 redigere,
2348 3563 2468 3612 >quae
2502 3550 2548 3596 in

1437 3644 1677 3692 christiana
1713 3642 1915 3688 doctrina
1939 3641 2124 3703 faciem,
2161 3630 2443 3702 speciemque
2466 3652 2549 3699 op-

1434 3734 1674 3796 positionis
1720 3731 1886 3778 referre
1920 3730 2150 3795 videntur,
2193 3731 2287 3776 61115
2321 3729 2428 3774 116111
2464 3728 2551 3774 erit

1435 3823 1754 3883 cognationem
1789 3821 2050 3884 ostendere,
2079 3834 2181 3881 qua
2214 3818 2470 3879 scripturae
2504 3822 2550 3864 et

1433 3903 1670 3976 ἐξηγητικῆ
1706 3909 1906 3956 Traditio
1942 3910 2264 3958 devinciuntur.
2546 3937 2550 3940 -

1541 4001 1613 4063 ¹⁴)
1667 3999 1790 4048 Sess.
1826 3998 1903 4046 lv.
1940 4000 2116 4049 Decret.
2141 3997 2209 4073 -de
2244 3996 2351 4044 edit.
2388 4000 2434 4043 et
2467 4006 2569 4043 usu

1433 4102 1661 4137 sacrorum
1694 4088 2574 4134 111110111111.1
