2574 4276
152 164 221 214 46
1033 162 1253 215 LIBER
1322 161 1600 217 PRIMUS

152 303 384 363 παλαιᾶς
421 304 510 355 καὶ
546 308 666 365 νέας
704 302 972 366 διαθήκης
1010 301 1478 369 προςηγορεῦσθαι
1512 301 1701 366 λίθον,
1752 305 1803 354 in
1836 307 2019 374 veteri,
2058 323 2289 375 novoque
2325 314 2475 360 testa-

153 401 319 445 mento
356 395 509 446 fuisse
545 395 755 468 lapidem
793 394 1112 461 appellatum,
1163 393 1295 459 quod
1331 394 1474 444 insita
1509 395 1714 460 virtute,
1766 394 2028 467 divinoque
2061 399 2243 451 robore
2267 401 2312 427 ⁵⁹
2355 415 2477 468 opus

154 492 394 537 sustentet
432 486 563 552 quod
598 486 791 536 molitus
829 490 930 549 est,
965 483 1299 550 templumque
1337 485 1585 536 contineat
1621 485 1753 551 quod
1790 489 2015 552 extruxit.

341 603 415 649 19.
488 598 598 648 Non
635 602 710 647 est
747 610 871 662 ergo
910 611 1031 662 opus
1070 596 1288 662 pluribus
1326 604 1377 648 ut
1415 612 1752 664 assequamur,
1799 599 1914 665 quid
1949 600 2042 652 sibi
2078 605 2195 656 velit
2227 605 2476 659 Simonem

155 689 432 756 ἀναλόγως
470 703 609 752 esse,
647 686 841 753 dicique
877 693 1081 753 petram.
1155 688 1288 739 ldem
1327 703 1540 754 namque
1578 695 1714 740 notat
1749 706 1807 741 ac
1845 707 1958 742 eum
1997 693 2046 744 in
2086 699 2479 749 communionem

154 783 351 833 venisse
399 795 545 846 quum
590 778 828 830 firmitatis
864 780 1015 848 illius,
1068 796 1194 847 quae
1244 779 1435 831 Christo
1482 781 1687 848 principi
1734 789 1906 848 petrae
1944 785 2137 852 κυρίως
2183 788 2335 854 inest,
2380 795 2481 840 tum

154 873 214 923 ad
252 873 536 923 societatem
578 870 702 922 illius
741 874 959 924 muneris
995 880 1284 940 provectum
1326 887 1456 938 esse,
1497 888 1593 939 quo
1633 872 1866 942 Christus,
1907 875 2274 929 fundamentum
2311 879 2482 931 funda-

153 963 517 1028 mentorum⁶⁰,
569 963 765 1014 domum
816 965 936 1029 Dei,
984 981 1110 1031 quae
1161 972 1236 1016 est
1271 964 1515 1030 ecclesia,
1565 970 1728 1016 tuetur
1764 973 1910 1033 atque
1947 967 2171 1021 suffulcit.
2245 969 2482 1038 Apposite

151 1054 399 1123 Origenes
422 1056 495 1105 ⁶¹:
544 1054 761 1122 Πέτρον
809 1054 869 1107 δὲ
915 1053 1077 1108 αὐτὸν
1117 1054 1491 1121 κληθήσεσθαι
1527 1053 1669 1119 εἷπε,
1720 1061 2210 1127 παρονομασθέντα
2253 1060 2361 1114 ἀπὸ
2393 1064 2482 1126 τῆς

150 1151 368 1214 πέτρας,
405 1144 513 1210 ἥτις
555 1147 691 1198 ἐστὶν
725 1150 754 1199 ό
790 1149 1034 1215 Χριστός,
1073 1148 1140 1200 ἵν’
1179 1147 1353 1214 ὥσπερ
1390 1152 1448 1200 ἐκ
1486 1149 1682 1217 σοφίας
1710 1152 1895 1216 σοφός,
1934 1153 2024 1203 καὶ
2048 1152 2204 1220 ἅγιος
2241 1153 2297 1217 ἐξ
2332 1152 2481 1221 αἰγιό-

149 1257 296 1302 τητος
317 1255 329 1266 ·
368 1236 507 1290 οὕτω
546 1239 636 1291 καὶ
669 1244 728 1291 ἐκ
764 1244 955 1307 πέτρας
981 1239 1217 1308 Πέτροςε
1261 1238 1481 1292 Petram
1503 1249 1676 1293 autem
1701 1242 2063 1307 appellandum
2088 1251 2162 1296 ait
2193 1245 2478 1312 (Christus),

148 1336 351 1382 nomine
387 1331 650 1397 desumpto
687 1352 719 1384 a
751 1340 916 1398 petra,
956 1351 1088 1398 qaae
1114 1331 1357 1384 Christus
1389 1340 1497 1396 θείς
1534 1341 1592 1385 ut
1619 1334 2044 1399 quemadmodum
2069 1337 2116 1363 ⁶²
2155 1354 2189 1386 a
2224 1342 2482 1401 sapientia

2007 1427 2183 1494 Neque
2221 1429 2480 1496 insigniter

147 1517 305 1567 minus
343 1515 461 1579 Le0,
501 1518 583 1582 qui
615 1516 791 1567 Christi
826 1517 977 1569 verba
1003 1518 1255 1571 Simonem
1291 1518 1582 1584 alloquentis
1618 1518 1717 1569 hoc
1754 1522 2109 1571 commentario
2133 1522 2178 1547 ⁶³
2222 1521 2477 1587 explanat:

148 1609 302 1676 „Cum
343 1623 440 1675 ego
482 1609 574 1659 sim
612 1608 902 1661 inviolabilis
938 1616 1101 1676 petra,
1156 1625 1254 1677 ego
1312 1609 1432 1676 lapis
1480 1610 1728 1677 angularis
1777 1612 1858 1678 qui
1900 1612 2027 1663 facio
2071 1619 2278 1679 utraque
2312 1628 2478 1679 unum,

150 1716 248 1768 ego
300 1700 687 1764 fundamentum,
737 1708 937 1768 praeter
982 1701 1113 1768 quod
1150 1716 1298 1752 nemo
1335 1707 1497 1768 potest
1534 1701 1664 1752 aliud
1709 1717 1926 1770 ponere3
1979 1710 2145 1757 tamen
2193 1711 2246 1755 tu
2282 1719 2480 1771 quoque

148 1800 287 1860 petra
325 1807 395 1859 eS,
435 1793 548 1859 quia
585 1809 696 1844 mea
734 1795 908 1844 virtute
946 1793 1187 1859 solidariS,
1227 1799 1280 1844 ut
1316 1809 1442 1860 quae
1480 1794 1597 1852 mihi
1633 1801 1744 1845 sunt
1779 1797 1991 1863 propria,
2031 1798 2125 1847 sint
2162 1796 2247 1847 tibi
2283 1812 2479 1848 mecum

149 1886 518 1953 participatione
556 1886 887 1937 communia.“
958 1885 1179 1952 Egregie
1204 1886 1443 1952 profecto,
1483 1893 1532 1937 et
1556 1886 1618 1937 ad
1643 1886 1821 1938 Christi
1846 1895 2062 1939 mentem
2092 1888 2476 1954 accuratissime,

154 1978 564 2045 quemadmodum
600 1977 727 2028 haec
763 1977 1028 2029 ostendunt
1050 1979 1095 2004 ⁶⁴
1141 1978 1202 2028 ad
1240 1978 1469 2029 eumdem
1495 1978 1744 2031 Simonem
1784 1978 2000 2030 directa:
2055 1978 2161 2032 Ὅτι
2198 1974 2264 2030 σύ
2300 1977 2351 2032 εἶ
2374 1979 2479 2033 Πέ-

151 2088 300 2138 τρος,
340 2070 428 2122 καὶ
463 2070 547 2121 ἐπὶ
582 2066 741 2138 ταύτῃ
777 2071 837 2137 τῇ
871 2074 1034 2136 πέτρα
1061 2068 1398 2137 οἰκοδομήσω
1435 2088 1543 2138 μου
1577 2066 1669 2133 τὴν
1705 2071 1993 2134 ἐκκλησίαν.
2070 2071 2161 2122 Vel
2199 2073 2330 2122 enim
2368 2072 2475 2122 nul—

154 2163 249 2214 lum
284 2163 427 2230 plane
467 2162 670 2212 fundunt
706 2176 933 2228 sensum,
984 2162 1064 2213 vel
1098 2162 1229 2213 hunc
1264 2163 1490 2214 omnino:
1539 2179 1726 2230 „quum
1757 2171 1806 2215 te
1844 2170 2033 2230 petram
2072 2162 2289 2215 effecero
2326 2165 2474 2230 parti-

148 1429 374 1489 sapienS,
411 1430 460 1474 et
494 1431 711 1475 sanetus
746 1443 780 1475 a
816 1431 1114 1489 sanctitate,
1142 1433 1232 1491 ,sic
1270 1432 1423 1477 etia-m
1460 1445 1493 1477 a
1526 1433 1678 1491 petra
1716 1424 1932 1477 Petrae.

260 2349 334 2411 ³⁹)
381 2349 550 2405 Quibus
594 2349 864 2395 illustrandis
900 2350 987 2394 ista
1023 2350 1274 2395 conducunt

156 2438 391 2499 Epiphanii
415 2441 458 2484 in
482 2439 731 2499 Ancorato,
768 2452 873 2498 pag.
894 2438 1016 2484 488:
1054 2439 1271 2484 Christum

156 2530 245 2575 dici
286 2534 458 2588 petram
507 2520 585 2572 διοέ
624 2520 678 2573 τὸ
713 2518 1068 2588 ἅμετακίνητονε
1119 2529 1273 2587 Cyrilli

154 2618 230 2663 lib.
283 2617 358 2663 ΙΙΙ.
418 2617 627 2676 Glaphyr.
686 2617 731 2661 in
786 2616 931 2661 Exod.
996 2630 1100 2676 pag.
1148 2616 1272 2662 314:

155 2705 320 2769 Πέτρᾳ
381 2699 706 2769 παρεικάζεται
759 2698 836 2750 διοέ
896 2698 950 2751 τὸ
996 2697 1274 2768 ἄθραυστον

154 2795 232 2842 καὶ
266 2788 545 2856 ἄκλόνητοντ
593 2801 638 2841 et
683 2795 838 2839 Basilii
885 2795 940 2840 de
983 2795 1060 2855 Sp.
1097 2802 1272 2857 sanct-o,

157 2899 253 2945 cap.
290 2885 423 2931 VllI:
492 2883 682 2946 Πέτρα,
738 2877 815 2928 δια
860 2876 914 2930 τὸ
960 2877 1146 2947 ἰσχυρόν
1197 2883 1275 2930 καὶ

154 2966 386 3030 ἄσειστον,
422 2972 499 3018 καὶ
534 2965 707 3026 παντός
742 2964 971 3036 ἐρύματος
1004 2965 1274 3036 ἄῤῥαγέστε-

156 3078 238 3126 ρον
270 3058 384 3109 εἶναι
419 3055 729 3125 φυλακτήριον
761 3067 858 3115 τοῖς
891 3069 1084 3116 πιστοῖς.

260 3196 333 3257 ⁶⁰)
394 3195 459 3240 Cf.
506 3195 797 3240 Mamachium
851 3195 899 3239 T.
948 3196 1003 3240 V.
1059 3195 1184 3253 Orig.
1230 3202 1275 3242 et

154 3285 371 3344 Antiquit.
409 3285 569 3330 Christ.
606 3284 681 3329 lib.
708 3284 783 3330 IV.
820 3298 923 3344 pag.
954 3282 1062 3329 165.
1089 3298 1211 3344 seqq.

260 3396 334 3457 ⁶¹)
370 3395 419 3440 ln
455 3400 598 3441 caten.
636 3395 693 3440 ad
726 3395 828 3440 Joh.
854 3394 887 3438 Ι.
914 3393 993 3439 41.

261 3506 335 3567 ⁰²)
372 3507 495 3561 Quae
529 3518 617 3551 non
641 3505 697 3550 de
720 3504 1015 3563 grammatica
1048 3503 1274 3549 nominum

148 3594 455 3656 derivatione,
488 3595 567 3640 sed
591 3595 646 3640 de
671 3593 781 3640 reali
804 3593 1127 3653 proprietatum
1153 3606 1275 3638 com-

158 3685 366 3729 munione
411 3684 600 3742 intelligi
644 3683 821 3729 debent.
897 3681 1023 3728 Unde
1057 3681 1276 3741 Hierony-

157 3785 252 3818 mus
289 3772 345 3817 ad
380 3786 433 3817 ea
470 3774 627 3833 capitis
663 3773 759 3818 VII.
795 3770 1032 3831 Matthaei,
1075 3770 1276 3828 fundata

159 3868 261 3909 erat
292 3876 435 3922 supra
463 3868 668 3922 petram,
716 3862 882 3921 inquit:
940 3859 1120 3922 „Supra
1165 3860 1277 3905 hanc

158 3957 327 4012 petram
363 3951 579 3997 Dominus
616 3950 869 3996 aedificavit
909 3949 1170 4009 ecclesiam,
1220 3949 1275 3994 ab

160 4041 244 4086 hae
303 4046 430 4099 petra
493 4039 720 4098 apostolus
771 4039 922 4085 Petrus
973 4039 1157 4085 sortitus
1209 4043 1278 4083 est

162 4128 372 4177 nomen.“

1462 2348 1536 2410 63)
1574 2350 1717 2396 Serm.
1743 2349 1818 2396 lv.
1855 2363 1952 2409 cap.
1979 2350 2033 2394 11.

1460 2438 1535 2499 ⁶⁴)
1587 2439 1738 2484 Matth.
1786 2438 1905 2484 XVI.
1957 2438 2033 2484 18.
2111 2439 2282 2495 Quibus
2328 2439 2479 2485 verbis

1359 2525 1580 2585 Georgius
1605 2528 1911 2573 Rosenmuller
1934 2528 2023 2573 hoc
2046 2527 2226 2574 subiicit
2249 2529 2479 2574 scholion:

1357 2616 1517 2677 „Petra
1561 2631 1643 2661 nec
1686 2623 1755 2662 est
1788 2617 2014 2662 confessio
2049 2617 2189 2677 Petri,
2234 2631 2318 2662 nec
2352 2617 2479 2662 Chri-

1357 2711 1453 2750 stus
1488 2706 1776 2764 semetipsum
1813 2705 1958 2763 digito
1993 2706 2066 2750 vel
2095 2709 2200 2750 nutu
2235 2705 2477 2762 designans

1360 2791 1493 2853 (quas
1545 2794 1936 2852 interpretationes
1984 2807 2067 2838 nec
2119 2799 2353 2839 contextus
2401 2795 2479 2840 ad-

1359 2882 1532 2944 mittit),
1569 2883 1784 2942 sedipse
1819 2883 1984 2928 PetruS.
2053 2883 2268 2928 Dominus
2304 2884 2476 2941 syriace

1357 2972 1544 3030 loquens
1580 2971 1697 3016 nulla
1731 2984 1836 3016 usus
1872 2976 1941 3016 est
1976 2971 2359 3031 agnominatione,
2397 2971 2478 3016 sed

1359 3060 1592 3120 utrobique
1616 3060 1728 3106 dixit
1752 3059 1949 3119 CephaS,
1987 3060 2357 3119 quemadmodum
2382 3061 2478 3118 gal-

1358 3151 1489 3195 licum
1525 3161 1687 3194 nomen
1721 3148 1880 3195 Pierre
1916 3153 2007 3194 tam
2032 3149 2088 3194 de
2110 3151 2309 3210 proprio,
2347 3163 2477 3209 quam

1360 3241 1415 3286 de
1460 3238 1727 3299 appellativo
1772 3239 1947 3283 dicitur.
2020 3237 2288 3296 Designavit
2329 3240 2478 3298 itaque

1361 3329 1504 3387 digito
1542 3333 1616 3373 aut
1647 3333 1755 3373 nutu
1778 3327 1978 3388 Petrum3
2013 3326 2058 3371 id
2087 3328 2203 3372 enim
2239 3328 2478 3373 convenie-

1359 3419 1438 3464 bat
1469 3418 1705 3478 proposito
1750 3415 2002 3462 reddendae
2047 3416 2234 3461 rationis
2281 3416 2477 3475 impositi

1358 3506 1566 3552 nominis.
1635 3506 1699 3550 lta
1747 3505 1802 3551 de
1850 3504 2106 3550 Abrahamo
2154 3506 2343 3551 dictum:
2395 3518 2477 3550 no-

1360 3610 1459 3641 men
1488 3601 1608 3640 tuum
1632 3595 1718 3639 erit
1739 3592 1993 3650 Abraham,
2032 3596 2130 3652 quia
2166 3599 2335 3654 patrem
2370 3594 2479 3638 mul-

1360 3689 1503 3730 tarum
1527 3685 1724 3742 gentium
1749 3686 1794 3727 te
1817 3682 2042 3727 constitui.
2103 3682 2304 3729 Jacobo:
2340 3682 2476 3726 Israel

1361 3775 1444 3820 erit
1492 3786 1654 3819 nomen
1704 3777 1850 3832 tuum,
1902 3785 2003 3816 nam
2050 3777 2097 3818 ut
2143 3772 2387 3831 principem
2432 3777 2475 3815 tc

1362 3862 1483 3921 geris
1520 3861 1635 3922 apud
1671 3860 1856 3919 angelos
1893 3867 1937 3905 et
1971 3861 2191 3906 homines,
2251 3859 2316 3904 Ita
2354 3859 2477 3903 Chri—

1362 3956 1483 3996 stus:
1518 3951 1670 3996 Petrus
1706 3963 1731 3994 a
1768 3963 1838 3994 me
1872 3950 2124 3995 nominatus
2159 3961 2223 4009 es,
2260 3948 2363 4005 quia
2388 3948 2474 3991 eris

1362 4041 1489 4100 quasi
1523 4043 1663 4100 petra.
1742 4038 1968 4084 Promittit
2001 4044 2147 4084 autem
2181 4047 2231 4081 se
2267 4036 2474 4082 aedifica-

1362 4135 1503 4175 turum
1539 4141 1639 4175 esse
1674 4127 1908 4173 ecclesiam
1944 4141 2070 4174 suam
2104 4138 2236 4187 super
2264 4123 2441 4171 Petro.“

2569 4030 2574 4094 ἑ

2563 4173 2570 4264 s'
