2574 4276
268 151 332 199 16
1067 140 1618 196 PROLEGOMENA

263 286 379 338 bant
413 302 476 338 ex
509 286 584 338 his
620 287 767 339 locis:
813 283 895 336 Tu
931 303 985 336 es
1023 282 1236 354 Petrus,
1289 288 1351 347 et,
1391 278 1654 347 Confirmet
1681 277 1890 347 fratrea
1928 285 2064 344 tuos,
2102 287 2173 349 et,
2213 279 2385 333 Pasce
2429 299 2545 333 oves

264 395 440 440 mma,-
488 379 549 429 ita
596 377 662 428 illi
712 392 906 428 suarum
943 390 1054 426 esse
1089 375 1293 440 partium
1331 377 1537 422 censent
1570 369 1689 421 nihil
1725 385 1823 421 non
1864 371 2049 438 moliri,
2100 374 2230 440 quod
2264 373 2377 425 huic
2412 374 2548 426 labe-

265 468 515 520 factandae
550 468 819 535 probationi
856 465 1131 517 conducere
1166 477 1314 528 posse
1352 462 1656 513 arbitrentur.
1722 461 1972 514 Notissimi
2007 470 2116 515 sunt
2150 466 2545 534 presbyteriano-

264 575 371 610 rum
409 565 622 625 conatuS,
661 565 709 610 et
742 557 901 625 paullo
938 555 1225 606 eruditiores
1263 569 1362 605 non
1398 555 1626 621 ignorant
1650 554 1806 606 studia
1832 553 2008 604 eodem
2033 556 2335 626 pertinentia,
2376 558 2550 625 quibus

263 650 529 716 lutherani,
567 648 831 715 anglicani,
868 645 1169 713 zwingliani,
1209 647 1484 712 arminiani,
1534 662 1592 697 ac
1628 651 1794 698 sectae
1833 646 2030 697 omnino
2069 661 2239 700 omnes
2275 650 2335 701 ab
2369 650 2549 701 unitate

266 742 500 793 catholica
553 741 797 791 seiunctae
851 751 1049 804 operam
1101 736 1364 804 dederunt,
1418 746 1470 790 ut
1525 740 1800 790 testimonia
1857 738 2144 806 evangelica
2182 732 2252 791 'ad
2297 756 2405 792 rem
2453 736 2552 793 non

263 833 442 898 facere,
481 837 529 882 et
564 830 701 882 aliter
733 844 933 896 prorsus
972 844 1029 879 ac
1066 827 1324 880 orthodoxi
1361 831 1663 896 existiment,
1715 831 1995 898 accipienda
2034 845 2146 881 esse
2181 829 2549 897 persuaderent.

262 922 467 974 Abunde
512 920 655 971 suerit
682 924 723 947 ¹⁰
774 921 852 972 vel
901 937 963 971 ex
1009 921 1066 970 iis
1112 920 1342 972 nonnulla
1390 921 1602 989 legisse,
1653 938 1778 989 quae
1828 923 2155 989 ChamieriUS,
2212 922 2548 990 SpanhemiuS,

264 1013 589 1078 TurrettinuS,
639 1011 929 1078 SalmasiUS,
966 1010 1294 1086 Lightfootus,
1332 1012 1648 1080 EpiscopiUS,
1687 1013 1885 1066 Rivetus
1923 1022 2066 1082 atque
2103 1015 2440 1066 Limborchius
2476 1015 2551 1066 lit-

261 1106 376 1155 teris
428 1104 803 1170 consignarunt:
856 1105 926 1155 sic
974 1104 1101 1153 enim
1152 1111 1429 1170 comparata
1475 1112 1609 1171 sunt,
1667 1112 1717 1156 ut
1752 1106 1878 1158 hanc
1913 1106 2288 1173 protestantibus
2330 1107 2552 1158 omnibus

260 1196 499 1248 insedisse
538 1202 749 1247 mentem
785 1197 1038 1263 perspicue
1075 1196 1357 1262 ostendant,
1411 1197 1663 1248 victoriam
1699 1213 1852 1264 penes
1892 1213 1979 1250 eos
2013 1198 2247 1265 futuram,
2298 1202 2379 1265 qui
2415 1214 2552 1251 suam

262 1288 658 1356 evangelicorum
705 1295 919 1340 textuum
966 1290 1411 1355 interpretationem
1474 1290 1650 1356 aptius,
1713 1290 2014 1357 validiusque
2072 1289 2411 1341 confirmarint.
2494 1289 2555 1340 Ut

262 1381 392 1431 enim
432 1379 623 1431 Marcus
669 1381 906 1432 Antonius
963 1380 1022 1431 de
1060 1378 1278 1431 Dominis
1317 1387 1486 1431 auctor
1523 1388 1597 1433 est
1625 1384 1696 1448 ¹¹,
1748 1383 1935 1448 sperari
1973 1397 2071 1432 non
2104 1388 2292 1449 potest,
2338 1389 2388 1433 ut
2434 1381 2550 1432 Tra-

262 1473 441 1524 ditione
476 1475 697 1538 vincant,
750 1474 830 1539 qui
878 1472 1133 1522 bibliorum
1170 1473 1453 1524 auctoritate
1493 1480 1806 1540 superentur:
1845 1490 2007 1542 neque
2045 1475 2233 1542 sperari
2268 1480 2454 1541 potest,
2502 1480 2555 1525 ut

263 1565 550 1617 Traditionis
587 1565 803 1616 doctrina
840 1566 936 1615 vim
972 1579 1109 1615 suam
1145 1570 1326 1630 teneat,
1366 1564 1736 1633 firmitatemque
1773 1573 1988 1634 tueatur,
2028 1569 2069 1619 si
2105 1567 2364 1618 bibliorum
2401 1567 2552 1634 signi-

262 1656 436 1723 ficati0,
475 1672 503 1707 e
541 1671 634 1723 qua
668 1656 862 1724 pendet,
899 1656 978 1707 vel
1018 1656 1207 1723 dissita,
1245 1656 1325 1707 vel
1362 1657 1428 1707 illi
1464 1659 1681 1724 opposita
1720 1659 1866 1710 certis
1904 1661 2234 1727 argumentiS,
2275 1659 2337 1710 de
2378 1658 2551 1726 quibus

264 1749 355 1801 sibi
386 1754 709 1816 protestantes
746 1748 1064 1812 blandiuntur,
1104 1748 1402 1800 conficiatur.

446 1889 526 1936 21.
578 1885 699 1935 Hinc
747 1884 788 1935 si
839 1885 918 1950 qui
966 1885 1313 1936 catholicorum
1357 1885 1580 1938 licentius
1616 1886 1708 1938 sibi
1743 1886 1867 1937 forte
1905 1888 2243 1952 permiserint,
2303 1886 2383 1937 vel
2421 1885 2550 1939 Scri-

262 1983 507 2044 pturarum
530 1978 803 2028 testimonia
827 1993 968 2028 secus
998 1994 1054 2028 ac
1086 1973 1174 2044 par
1206 1977 1347 2044 foret,
1380 1978 1701 2044 interpretari,
1741 1978 1820 2029 vel
1845 1993 1943 2028 non
1969 1979 2026 2029 iis
2051 1979 2353 2045 potissimum
2382 1977 2551 2044 fidere,

266 2075 407 2135 atque
442 2070 489 2119 in
524 2070 581 2119 iis
614 2070 837 2136 princeps
873 2085 1074 2121 caussae
1111 2076 1410 2120 momentum
1458 2069 1729 2136 collocare,
1777 2072 1826 2120 in
1870 2070 2110 2120 bonorum
2149 2071 2364 2121 omnium
2401 2067 2556 2120 offen-

266 2162 455 2211 sionem
491 2167 744 2227 venerunt,
783 2177 809 2212 a
848 2177 940 2228 qua
978 2168 1028 2212 ut
1065 2163 1355 2230 semetipsos
1394 2162 1692 2229 eximerent,
1740 2177 1837 2213 non
1875 2163 1989 2213 satis
2028 2162 2119 2212 illis
2157 2160 2244 2213 fuit
2280 2161 2557 2227 contestari,

266 2252 553 2304 indubitatas
599 2252 689 2304 sibi
735 2268 844 2304 esse
881 2253 1007 2304 Pet-ri
1044 2254 1210 2320 doteS,
1268 2254 1472 2320 illasque
1522 2269 1577 2304 se
1623 2253 1869 2304 uberrima
1910 2253 2187 2305 Traditione
2241 2252 2557 2304 communire.

268 2343 408 2403 Quod
443 2344 665 2412 Launoii,
708 2344 919 2412 Dupinii,
957 2345 1243 2413 Febbronii,
1291 2345 1612 2412 Tamburinii,
1662 2336 1962 2412 aliorumque
2000 2346 2218 2396 eiusdem
2256 2351 2402 2396 notae
2439 2344 2560 2395 scri-

267 2422 458 2502 ptorum
496 2436 730 2503 exemplis
768 2438 1068 2503 apertissime
1107 2437 1459 2504 comprobatur.
1522 2430 1805 2504 Pugnabant
1842 2439 1908 2488 illi
1946 2439 2180 2489 adversus
2216 2442 2558 2504 protestanteS,

268 2528 342 2578 ius
386 2527 512 2578 Petri
557 2528 827 2595 singulare,
877 2545 934 2580 ac
979 2530 1197 2581 eiusdem
1244 2529 1423 2581 decora
1466 2530 1750 2597 tuebantur,
1801 2531 2080 2597 nullumque
2127 2528 2369 2581 faciebant
2413 2527 2560 2578 finem

270 2619 571 2686 congerendi
619 2601 905 2673 Traditionis
953 2620 1219 2690 suffragia,
1287 2622 1458 2689 quibus
1503 2622 1716 2673 veritatis
1760 2622 1928 2675 hostes
1972 2627 2253 2690 premerent
2298 2627 2442 2686 atque
2501 2617 2562 2669 ad

379 2845 448 2906 ¹⁰)
484 2845 743 2892 Incredibile
778 2846 896 2893 dictu
931 2852 1021 2909 est,
1059 2862 1142 2907 qua
1178 2861 1227 2893 se
1263 2848 1371 2892 faci-

272 2932 394 2978 litate
449 2948 473 2978 a
528 2935 794 2981 testimoniis
848 2936 1021 2982 Patrum
1075 2938 1130 2983 de
1182 2914 1373 2997 primatu

274 3020 391 3065 Petri
439 3027 530 3067 tum
580 3028 874 3082 protestantes
930 3026 1187 3085 expediant,
1243 3039 1372 3084 quum

275 3109 363 3154 sibi
398 3109 727 3158 demonstrasse
760 3114 848 3159 visi
882 3120 993 3175 sunt,
1029 3114 1133 3159 nihil
1159 3115 1203 3159 in
1222 3115 1372 3159 bibliis

277 3201 516 3261 contineri,
559 3202 676 3260 quod
722 3201 776 3246 ad
819 3216 915 3247 eum
952 3204 1232 3249 asserendum
1268 3217 1373 3249 con-

279 3287 422 3333 ducat.
491 3289 652 3335 Notant
701 3291 816 3335 enim
860 3306 1155 3351 quaecumque
1198 3293 1373 3338 tandem

279 3378 334 3422 de
366 3378 494 3423 Petro
540 3380 773 3437 insigniter
815 3380 930 3425 dicta
977 3381 1091 3440 apud
1123 3381 1273 3427 Patres
1308 3396 1376 3426 re-

278 3468 523 3528 periantur,
581 3480 668 3514 non
720 3469 807 3514 alio
861 3470 1000 3528 accipi
1053 3483 1184 3515 sensu
1226 3483 1373 3532 posse,

281 3570 408 3615 quam
444 3558 515 3615 qui
550 3570 646 3603 cum
669 3557 904 3603 bibliorum
925 3558 1122 3604 doctrina
1143 3562 1376 3618 conspiret.

281 3644 354 3691 Ad
386 3645 498 3690 hanc
531 3646 681 3692 Patres
717 3648 879 3706 iugiter
896 3661 1155 3710 provocare,
1193 3649 1248 3694 ad
1270 3649 1380 3693 hanc

283 3739 424 3779 semet
457 3736 675 3797 recipere,
713 3736 815 3782 huic
850 3737 1069 3799 insistere,
1107 3744 1235 3796 atque
1269 3737 1381 3781 hanc

282 3834 464 3867 normae
498 3823 648 3883 instar,
684 3838 812 3883 quam
847 3833 1096 3888 sequantur,
1131 3826 1379 3885 complecti.

283 3910 319 3956 E
355 3911 512 3970 quibus
539 3911 689 3973 liquet,
723 3927 849 3974 quae,
885 3921 1130 3974 quantaque
1151 3915 1211 3961 sit
1229 3927 1382 3959 neces-

284 4001 393 4045 sitas
414 4014 511 4045 eam
538 4000 684 4046 tuendi
707 4001 940 4047 bibliorum
957 4003 1381 4064 interpretationem,

286 4103 397 4151 quae
431 4103 529 4135 cum
563 4090 779 4136 catholica
814 4092 998 4137 veritate
1026 4093 1259 4139 consentit.

1550 2847 1633 2908 .¹¹)
1666 2847 1731 2892 De
1765 2847 1944 2906 Republ.
1982 2847 2140 2893 Christ.
2177 2847 2253 2892 lib.
2291 2845 2324 2890 I.
2361 2859 2457 2904 cap.
2483 2845 2558 2890 v1.

1455 2935 1514 2981 Et
1558 2950 1606 2981 re
1651 2949 1757 2981 sane
1791 2950 1917 2998 vera,
1962 2938 2102 2995 inquit
2128 2935 2405 2980 Turrettinus
2439 2934 2559 2980 Loco

1462 3024 1620 3072 XVIII.
1665 3039 1706 3084 q.
1749 3025 1885 3071 XVII.
1935 3023 1978 3083 §.
2022 3024 2184 3084 XXIII,
2244 3025 2282 3069 si
2326 3023 2463 3069 semel
2509 3037 2561 3068 ea

1456 3114 1692 3160 bibliorum
1749 3114 2049 3172 interpretatio
2109 3113 2369 3173 obtinuerit,
2432 3125 2562 3171 quam

1456 3206 1581 3249 unice
1614 3216 1780 3263 veram,
1816 3215 2157 3261 germanamque
2188 3215 2286 3247 esse
2312 3206 2562 3260 protestan-

1458 3298 1526 3338 tes
1560 3292 1823 3348 defendunt,
1864 3291 1911 3335 id
1945 3292 2027 3335 erit
2062 3304 2359 3350 consequens,
2406 3289 2563 3351 „testi-

1460 3383 1606 3427 monia
1659 3380 1853 3440 Patrum,
1918 3380 2076 3438 quibus
2131 3380 2348 3425 interdum
2402 3383 2564 3424 vocant

1459 3471 1631 3521 Petrum
1673 3474 1802 3528 caput
1851 3474 1895 3513 et
1947 3470 2188 3527 principem
2245 3467 2560 3527 apostolorum,

1462 3573 1549 3606 non
1577 3559 1761 3617 intelligi
1782 3558 1954 3603 ratione
1978 3559 2249 3602 oecumenici
2268 3549 2562 3616 pontificatus,

1462 3649 1533 3694 vel
1569 3647 1870 3707 monarchiae,
1916 3647 1996 3692 sed
2039 3647 2211 3692 ratione
2245 3646 2456 3706 primatus
2494 3655 2566 3687 or-

1464 3738 1579 3783 dinis
1632 3743 1675 3783 et
1719 3736 1974 3796 dignitatis,
2033 3737 2129 3781 sive
2186 3739 2368 3795 propter
2423 3731 2566 3791 doteS,

1464 3805 1760 3885 quibus'prae
1796 3824 1983 3869 caeteris
2019 3824 2265 3884 eminebat,
2315 3833 2401 3880 quo
2437 3833 2569 3865 sensu

1465 3915 1518 3959 II.
1581 3914 1682 3960 Cor.
1733 3913 1809 3959 XI.
1863 3912 2105 3972 Apostolus
2169 3915 2302 3959 vocat
2355 3909 2569 3968 quosdam

1465 3997 1571 4058 τούς
1637 3997 1752 4062 ὑπὲρ
1818 3999 1921 4047 λίαν
1989 3993 2295 4056 ἀποστόλους,
2367 4003 2412 4043 et
2462 3996 2568 4042 alibi

1477 4092 1570 4139 Gal.
1606 4093 1659 4139 11.
1675 4099 1679 4102 ’
1695 4084 1930 4144 στύλους.“
