2574 4276
191 102 259 150 20
1071 94 1629 150 PROLEGOMENA

192 239 480 291 Traditionis
522 236 757 305 suffragio
794 235 1053 289 stabilitum
1091 237 1152 288 de
1188 251 1315 303 aqua
1352 237 1414 288 ad
1445 237 1674 304 baptismi
1705 238 1876 306 ritum,
1911 243 1980 293 uti
2016 257 2137 310 opus
2173 249 2263 311 est,
2302 244 2506 297 admini-

190 332 439 383 strandum
481 331 780 396 necessaria,
819 328 982 380 verbis
1016 328 1133 378 item
1173 326 1378 393 referri,
1417 327 1592 394 quibus
1626 327 1948 382 Nicodemum
1984 333 2202 387 Christus
2240 336 2506 403 compella-

189 425 271 491 vit,
309 425 535 491 inquiens
560 425 633 474 ¹⁸:
668 416 766 474 ἐοὲν
799 418 871 486 μή
906 434 982 479 τις
1016 416 1252 485 γεννηθῇ
1286 415 1343 480 ἐξ
1365 416 1562 478 ὕδατος
1599 419 1686 471 καὶ
1712 418 2025 486 πνεύματος,
2063 423 2128 476 ού
2152 424 2371 478 δύναται
2406 429 2505 489 εὶς-

190 514 376 566 ελθεῖν
422 518 497 575 εὶς
539 507 633 576 τὴν
675 508 948 579 βασιλείαν
991 510 1086 559 τοῦ
1122 508 1271 560 θεοῦ.
1345 509 1420 561 Ex
1454 510 1548 561 hac
1593 513 1901 581 oecumenici
1937 515 2129 567 concilii
2175 517 2504 571 declaratione

188 607 314 658 duae
349 611 613 658 nascuntur
643 601 1000 668 conclusioneS,
1039 615 1243 666 quarum
1281 601 1417 667 prior
1451 607 1555 668 est,
1592 603 1928 656 auctoritatem
1965 606 2232 661 catholicae
2269 610 2506 664 Traditio-

186 699 262 750 nis
310 713 410 750 non
454 698 643 761 sinere,
690 700 742 745 ut
788 707 971 744 nomen
1010 689 1234 754 ὕδατος,
1289 708 1385 759 quo
1436 693 1652 746 Christus
1700 695 1870 761 utitur,
1919 693 2132 763 άκύρως
2182 701 2502 770 intelligatur:

185 789 430 855 posterior
473 800 594 838 vero
641 786 715 839 sic
757 785 933 853 habet,
984 785 1115 836 nulla
1163 801 1228 836 ex
1273 785 1655 838 hermeneuticis
1693 788 1834 840 ducta
1870 789 2058 856 regulis
2095 790 2306 857 proferri
2338 808 2503 862 posse,

188 894 312 945 quae
342 878 605 945 propriam,
643 879 955 944 nativamque
989 879 1084 930 τοῦ
1118 875 1313 939 ὕδατος
1350 879 1687 945 acceptionem
1718 887 2015 948 oppugnent,
2056 883 2206 934 immo
2243 899 2505 950 quaecum-

183 985 278 1036 que
316 970 481 1021 omnia
518 986 583 1022 ex
617 971 676 1022 iis
714 976 824 1038 apte
862 969 1183 1037 colligantur,
1223 985 1286 1021 eo
1319 971 1593 1037 pertinere,
1627 977 1679 1021 ut
1716 971 1935 1039 obviam,
1973 975 2316 1041 propriamque
2353 975 2504 1043 signi-

180 1061 458 1114 ficationem
503 1061 806 1115 confirment.
881 1061 980 1116 Sed
1030 1063 1147 1129 quid
1192 1059 1492 1129 propterea?
1537 1061 1654 1114 illud
1694 1063 1941 1131 profectO,
1984 1066 2088 1116 viro
2135 1066 2399 1135 theologO,
2446 1083 2505 1119 ac

180 1153 471 1207 tridentinae
509 1156 775 1207 sanctionis
814 1154 994 1206 vindici
1027 1155 1156 1206 istud
1191 1155 1408 1206 muneris
1442 1154 1755 1222 incumbere,
1789 1162 1841 1207 ut
1878 1157 2008 1223 quod
2042 1159 2250 1225 primum
2287 1173 2504 1211 comme·
2532 1184 2541 1192 ·

180 1248 495 1315 moravimus,
537 1248 929 1300 constantissime
954 1246 1268 1315 profiteatur,
1306 1247 1512 1298 alterum
1537 1262 1677 1315 ver0,
1716 1247 1920 1300 detectis
1946 1248 2341 1302 adversariorum
2365 1251 2503 1303 tech-

178 1339 284 1405 niS,
338 1341 740 1407 argumentisque
784 1339 1009 1407 prolatiS,
1062 1339 1286 1391 conficiat
1329 1345 1474 1406 atque
1523 1338 1765 1391 defendat.
1840 1340 1960 1394 Sunt
1996 1341 2123 1393 haec
2160 1344 2359 1394 omnino
2401 1344 2504 1396 evi-

181 1429 371 1498 dentia,
425 1437 474 1482 et
527 1431 702 1499 quibus
748 1446 896 1483 nemo
942 1433 1050 1483 iure
1098 1431 1392 1499 refragetur.
1464 1430 1530 1483 At
1564 1447 1624 1483 ea
1659 1433 1775 1484 item
1809 1439 1943 1501 sunt,
1994 1433 2167 1501 quibus
2203 1433 2322 1487 nihil
2358 1434 2420 1487 ad
2454 1434 2504 1486 id

175 1522 573 1589 persuadendum
606 1523 738 1591 quod
774 1523 1024 1591 volumuS,
1064 1523 1494 1576 accommodatius

357 1650 439 1697 25.
511 1644 702 1713 Ecquid
751 1646 882 1697 enim
927 1644 1259 1714 significamus
1307 1662 1455 1713 quum
1508 1645 1733 1714 dicimUS,
1789 1645 2041 1699 doctrinae
2089 1655 2232 1717 caput
2279 1649 2501 1718 aliquod,

179 1737 452 1789 cuiusmodi
504 1743 580 1789 est
632 1737 762 1789 Petri
812 1738 862 1788 in
917 1740 1203 1790 auctoritate
1251 1741 1508 1806 primatuS,
1559 1739 1773 1789 unanimi
1822 1738 2125 1807 Traditione,
2181 1756 2339 1808 eaque
2392 1757 2503 1794 cum

180 1829 439 1897 Scripturis
466 1836 697 1882 conserta
735 1828 1016 1883 vindicari?
1052 1830 1193 1897 istud,
1235 1829 1400 1897 cred0,
1441 1829 1794 1896 Scripturarum
1830 1829 2001 1898 effatis,
2041 1832 2102 1883 ad
2127 1848 2253 1899 quae
2290 1833 2503 1886 Traditio

176 1921 402 1990 refertur,
439 1922 892 1990 interpretationem
929 1922 1154 1989 subesse,
1196 1937 1290 1989 qua
1327 1937 1556 1989 suprema
1591 1922 1718 1973 Petri
1755 1924 2016 1975 auctoritas
2051 1923 2351 1976 declaratur:
2378 1932 2500 1994 tum,

175 2015 370 2065 nonnisi
419 2013 857 2083 παραλογισμούς
907 2015 1037 2082 texi,
1104 2030 1163 2066 ac
1213 2012 1633 2082 ψευδερμηνείας
1687 2013 1908 2066 adhiberi
1958 2030 2133 2083 posse,
2194 2022 2247 2068 ut
2304 2018 2501 2070 sincera

178 2104 535 2174 Scripturarum
582 2108 822 2175 expositio
872 2124 900 2158 a
934 2107 1156 2158 doctrina
1193 2105 1484 2157 Traditionis
1522 2107 1766 2171 seiuncta,
1813 2107 1893 2158 vel
1938 2107 2100 2159 eidem
2137 2110 2377 2161 contraria
2415 2109 2500 2162 de-

176 2205 486 2252 monstretur.
561 2199 724 2261 Quare
762 2199 888 2252 duae
925 2206 1035 2252 sunt
1073 2215 1244 2252 eorum
1272 2205 1462 2266 parteS,
1502 2199 1583 2266 qui
1620 2199 1910 2267 secumipsis
1940 2201 1981 2227 ¹⁹
2023 2199 2361 2269 decreverint,
2401 2203 2500 2269 pri-

175 2390 266 2423 non
315 2391 417 2424 esse
460 2378 516 2424 de
558 2379 830 2425 necessitate
874 2379 1111 2441 baptismi,
1168 2383 1300 2438 atque
1383 2378 1551 2424 inducit
1586 2379 1781 2424 omnium
1814 2379 2255 2442 perniciosissimum,
2292 2379 2499 2440 quodque

176 2466 281 2512 ideo
317 2467 455 2513 verba
491 2468 566 2513 illa
588 2468 772 2516 Domini
800 2469 943 2514 nostri
969 2469 1077 2514 Jesu
1107 2468 1298 2513 Christi:
1384 2467 1580 2512 divinam
1618 2468 1877 2527 sapientiam
1913 2470 2210 2528 secumipsam
2246 2460 2497 2516 committit.

176 2555 277 2601 Nisi
316 2558 416 2616 quis
449 2564 638 2603 renatus
674 2559 822 2616 fuerit
855 2573 917 2604 ex
950 2572 1074 2619 aqua
1107 2564 1151 2604 et
1184 2558 1298 2618 Spi-

174 2647 269 2691 ritu
301 2652 485 2705 sancto,
534 2647 591 2692 ad
634 2648 944 2707 metaphoram
990 2648 1183 2707 aliquam
1219 2647 1299 2692 de-

176 2737 388 2798 torserit3
425 2737 660 2781 anathema
695 2735 804 2782 sit.“

282 2825 352 2886 ¹⁸)
388 2825 491 2871 Joh.
517 2825 591 2870 111.
619 2829 665 2872 5.
701 2827 778 2872 ubi
798 2826 1021 2884 vulgatus
1051 2825 1182 2885 legit,
1218 2823 1295 2871 καὶ

174 2906 435 2974 πνεύματος
478 2905 623 2976 ἁγίου.
704 2913 796 2961 Sed
848 2915 955 2974 quid
1006 2915 1186 2960 tandem
1238 2915 1294 2960 de

175 3003 451 3064 Traditione,
488 3017 630 3062 eaque
665 2998 919 3066 ἐξηγητικῇ,
956 3005 1028 3049 cui
1054 3005 1293 3050 tridentina

174 3091 376 3138 definitio
413 3093 641 3154 innititur,
690 3093 1036 3138 existimandum
1073 3099 1215 3155 esset,
1253 3094 1293 3138 si

175 3182 296 3240 quod
354 3196 453 3227 cum
501 3181 672 3228 Tellero
730 3182 815 3242 (im
860 3181 1163 3228 Worterbuch
1216 3182 1295 3227 des

173 3270 224 3315 N.
251 3270 299 3315 T.
336 3271 418 3316 sub
443 3283 559 3316 voce
590 3270 814 3332 yeboren)
848 3275 1151 3330 protestantes
1182 3270 1296 3316 bene

174 3360 300 3405 multi
323 3361 609 3422 contendunt,
642 3360 1035 3420 demonstraretur,
1072 3373 1169 3405 eam
1195 3374 1295 3406 esse

175 3450 396 3495 orationis
432 3451 593 3496 seriem
620 3463 757 3510 penes
783 3450 1045 3510 Johannem,
1083 3453 1131 3494 ut
1156 3450 1293 3494 verba

174 3532 223 3593 ἐξ
268 3529 437 3592 ὕδατος
477 3538 556 3585 καὶ
598 3530 858 3600 πνεύματος
903 3538 1030 3584 reddi
1077 3538 1293 3600 debeant,

176 3641 237 3673 ea·
272 3642 395 3688 aqua
427 3629 684 3689 spirituali,
731 3641 811 3674 seu
846 3626 1121 3689 evanqelio?
1164 3628 1295 3673 alter-

175 3721 320 3762 utrum
367 3717 665 3763 iudicandum.
694 3718 836 3779 foret,
883 3717 955 3763 vel
992 3715 1294 3763 Traditionem

177 3797 441 3865 ἐξηγητικήν
482 3819 582 3851 esse
625 3806 850 3867 fallacem,
898 3805 971 3852 vel
1014 3819 1127 3864 quae
1172 3810 1292 3851 certa

175 3894 348 3938 ratione
383 3894 752 3956 comprobantur,
800 3895 858 3940 iis
905 3894 1133 3941 adversari
1182 3908 1294 3952 quae

179 3982 380 4028 Traditio
424 3987 623 4030 testatur.
703 3983 901 4039 Quorum
935 3983 1043 4029 illud
1078 3982 1295 4029 Traditio-

176 4085 278 4118 nem
314 4073 455 4132 ipsam
491 4074 732 4135 pervertit3
780 4074 870 4119 hoc
904 4085 1014 4121 vero
1057 4072 1292 4119 dissidium

1381 2556 1612 2616 Reliquum
1647 2562 1715 2603 est
1748 2570 1875 2618 erg0,
1915 2563 1963 2603 ut
1994 2550 2252 2620 σφάλματα
2286 2558 2499 2617 detegan-

1382 2651 1477 2707 tur,
1527 2646 1684 2705 quibus
1721 2660 1746 2692 a
1778 2648 1957 2706 propria
1991 2647 2322 2705 significatione
2361 2659 2498 2694 voca-

1379 2735 1482 2780 bula
1534 2726 1704 2788 ῧδατος
1754 2733 1832 2780 καὶ
1879 2725 2139 2796 πνεύματος
2191 2741 2493 2796 protestantes

1380 2824 1673 2882 detorquent:
1709 2823 1965 2869 ostendatur
1988 2824 2170 2885 deinde,
2206 2825 2369 2870 nullum
2394 2838 2494 2871 esse

1379 2925 1595 2959 canonem
1618 2912 1848 2970 legitimae
1873 2912 2270 2975 interpretationis,
2306 2915 2380 2974 qui
2415 2913 2496 2960 ob-

1377 3001 1503 3063 viae,
1550 3002 1846 3061 propriaeque
1889 3003 2138 3061 acceptioni
2174 3016 2263 3049 non
2296 3003 2492 3062 patroci-

1376 3095 1518 3136 netur.
1587 3089 1859 3149 Quamquam
1903 3103 2013 3148 ergo
2055 3084 2294 3153 ἐξηγητικῆ
2340 3092 2492 3138 Tradi-

1378 3179 1442 3225 tio
1477 3178 1624 3224 nativa
1657 3178 1821 3237 polleat
1854 3180 2146 3242 auctoritate,
2192 3180 2343 3240 illique
2383 3195 2491 3241 prae

1381 3267 1622 3328 Scripturis
1668 3267 1829 3328 triplex
1876 3268 1985 3313 insit
2027 3260 2190 3331 ἐξοχή,
2247 3271 2491 3330 temporis,

1380 3371 1467 3418 quo
1503 3357 1756 3417 Scripturas
1793 3358 2053 3419 antevertit,
2097 3357 2373 3420 facilitatis,
2406 3373 2489 3419 qua

1377 3448 1624 3508 promptius
1663 3447 1925 3508 innotescit,
1977 3452 2024 3493 et
2066 3449 2353 3509 evidentiae,
2405 3462 2490 3508 qua

1379 3535 1652 3597 splendidius
1686 3535 1904 3597 refulget3
1949 3537 2234 3584 nihilominus
2268 3550 2400 3598 quum
2433 3537 2489 3583 de

1377 3627 1570 3673 veritate
1616 3626 1764 3684 agitur
1805 3621 2064 3688 πολεμικῶς
2106 3626 2369 3687 asserenda,
2413 3640 2490 3672 ne-

1379 3729 1506 3762 cesse
1540 3715 1721 3762 omnino
1757 3720 1844 3776 est,
1880 3720 1928 3761 ut
1959 3716 2079 3762 illius
2115 3730 2213 3763 cum
2247 3715 2487 3774 scripturis

1379 3805 1617 3852 consensio
1667 3804 1846 3866 valide,
1904 3805 2228 3866 diligenterque
2279 3816 2488 3865 compro-

1379 3894 1522 3941 betur.

1484 3981 1556 4045 ¹⁹)
1605 3970 1769 4027 Nescio
1805 3994 1861 4027 an
1894 3994 1985 4029 non
2026 3981 2137 4031 haec
2176 3980 2386 4029 illustrari
2427 3994 2485 4030 ex

1376 4072 1434 4119 iis
1467 4071 1658 4134 possint,
1694 4083 1807 4129 quae
1841 4070 1897 4116 de
1932 4070 2136 4129 allegatis
2170 4070 2215 4117 in
2247 4071 2298 4117 N.
2326 4072 2373 4117 T.
2409 4086 2485 4119 an·-
