2574 4276
1085 195 1322 249 CAPUT
1391 195 1431 244 Ι.
2355 192 2386 239 3

117 343 314 395 nissime
348 340 671 408 comprobata.
754 338 992 412 QuodUne
1032 340 1108 388 cui
1145 337 1337 387 dubium
1371 337 1450 399 sit,
1505 331 1583 382 illa
1619 331 1721 397 ipsa
1757 328 1985 395 reddam,
2039 327 2305 378 cuiusmodi
2339 329 2389 377 in

115 435 263 500 priori
297 432 672 485 Commonitorio
712 433 721 457 ¹
764 430 1003 497 leguntur.
1088 428 1278 495 „Saepe
1326 438 1504 492 magno
1553 421 1754 473 consilio
1802 427 1852 471 et
1894 435 2080 471 summa
2126 419 2388 469 attentione

116 524 400 590 perquirens
458 538 485 573 a
538 521 894 588 quamplurimis
941 521 1191 571 sanctitate
1232 525 1279 568 et
1323 518 1538 568 doctrina
1585 512 1934 581 praestantibus
1982 512 2122 577 viris,
2180 525 2390 577 quonam

118 615 262 665 modo
302 615 483 680 possim
532 620 663 664 certa
708 612 911 679 quadam
961 617 1009 661 et
1059 610 1194 675 quasi
1241 607 1461 674 generali
1506 622 1563 657 ac
1608 605 1823 672 regulari
1856 605 1934 655 via
1970 602 2236 655 catholicae
2279 601 2392 653 fidei

119 707 372 756 veritatem
408 705 467 755 ab
501 704 777 754 haereticae
811 701 1053 768 pravitatis
1091 698 1294 750 falsitate
1331 698 1640 765 discernere3
1676 697 1948 748 huiusmodi
1967 710 2166 761 semper
2187 708 2393 761 respon-

120 812 225 848 sum
265 796 323 847 ab
360 795 580 846 omnibus
616 795 721 860 fere
754 793 923 845 retuli:
962 790 1092 856 quod
1125 791 1231 840 sive
1269 803 1381 854 eg0,
1419 789 1522 838 sive
1560 789 1666 852 quis
1703 788 1823 839 alius
1848 787 1995 838 vellet
2027 786 2393 852 exsurgentium

117 881 472 948 haereticorum
515 884 708 935 fraudes
756 881 1149 949 deprehendere,
1200 879 1501 944 laqueosque
1541 879 1719 944 vitare,
1767 885 1815 929 et
1857 879 1906 929 in
1955 877 2050 929 fide
2088 892 2205 930 sana
2246 890 2392 928 sanus

120 985 262 1044 atque
298 979 491 1043 integer
522 988 833 1041 permanere,
881 971 1054 1038 duplici
1094 969 1240 1020 modo
1278 969 1464 1019 munire
1499 968 1643 1020 fidem
1676 985 1836 1036 suam,
1873 968 2078 1019 Domino
2119 968 2389 1033 adiuvante,

122 1069 346 1120 deberet:
383 1068 537 1133 primo
575 1064 759 1115 scilicet
794 1064 982 1114 divinae
1020 1061 1145 1128 legis
1183 1061 1479 1127 auctoritate,
1516 1066 1616 1111 tum
1653 1060 1829 1112 deinde
1860 1061 2100 1112 ecclesiae
2127 1059 2394 1111 catholicae

120 1157 424 1210 traditione.“
1395 1206 1398 1207 γ

293 1255 338 1301 2.
392 1247 468 1298 Ac
511 1245 632 1297 fidos
678 1246 872 1301 omnino
914 1251 1091 1311 testes,
1146 1250 1195 1296 et
1241 1242 1411 1309 quibus
1449 1244 1622 1294 merito
1658 1242 1907 1308 crederet,
1959 1250 2129 1295 nactus
2168 1250 2241 1295 est
2275 1245 2390 1295 Vin-

121 1344 320 1404 centius,
360 1355 503 1406 quum
539 1353 601 1388 ne
637 1352 784 1387 unum
819 1336 1013 1403 quidem
1046 1337 1266 1402 reperire
1302 1335 1444 1386 liceat
1479 1331 1912 1387 vetustissimorum
1948 1341 2151 1402 patrum,
2191 1336 2271 1401 qui
2304 1349 2393 1402 pro

123 1433 468 1501 opportunitate
512 1430 637 1480 hanc
680 1429 831 1495 ipsam
869 1427 1115 1495 regulam,
1155 1443 1248 1493 qua
1282 1429 1510 1478 veritates
1548 1427 1769 1478 divinitus
1804 1426 2052 1478 revelatae
2090 1441 2394 1493 cognoscan-

120 1532 209 1592 tur,
246 1532 294 1576 et
328 1524 387 1575 ab
424 1522 778 1573 haereticorum
817 1518 1098 1585 corruptelis
1135 1524 1464 1585 secernantur,
1503 1533 1600 1569 non
1637 1519 1958 1585 proposuerit,
1996 1533 2054 1569 ac
2089 1533 2210 1569 vero
2250 1519 2394 1568 etiam

121 1623 316 1668 strenue
350 1613 677 1665 vindicaverit.
748 1611 879 1661 Illam
915 1610 1186 1676 proposuit,
1225 1609 1579 1676 vindicavitque
1614 1609 1845 1661 Irenaeus
1881 1612 1928 1677 ²,
1977 1616 2026 1660 et
2073 1609 2249 1660 eodem
2299 1623 2393 1675 quo

121 1706 348 1758 Irenaeus
395 1704 617 1769 saeculo,
664 1702 981 1753 Tertullianus
1014 1703 1061 1768 ³,
1121 1716 1241 1768 quos
1303 1701 1449 1752 veluti
1495 1701 1643 1753 duces
1690 1708 1833 1769 atque
1877 1694 2100 1767 ὁδηγούς
2147 1701 2180 1750 ii
2225 1715 2395 1751 omnes

122 1798 287 1848 imitati
322 1803 432 1849 sunt
466 1799 509 1861 ⁴,
555 1795 633 1861 qui
683 1793 978 1844 nobilissima
1013 1793 1202 1843 Patrum
1240 1792 1556 1858 appellatione
1588 1793 1836 1845 honestari
1873 1788 2055 1860 solent,
2107 1793 2284 1858 quique
2318 1807 2398 1843 re-

126 1888 328 1938 centiori
376 1892 534 1938 aetate
579 1902 685 1936 eam
724 1884 1039 1936 excoluerunt
1073 1883 1350 1950 theologiae
1388 1883 1620 1951 formam,
1672 1900 1815 1951 quam
1852 1878 2197 1948 σχολαστικήν
2234 1883 2398 1934 dicere

124 1993 229 2029 mos
266 1984 365 2044 est,
404 1984 452 2028 et
488 1993 516 2028 e
553 1977 721 2043 quibus
766 1977 974 2027 Thomas
1022 1976 1234 2026 omnium
1284 1977 1609 2027 consensione
1656 1979 1881 2044 princeps
1929 1978 2089 2028 statuit
2123 1979 2168 2027 ⁵:
2214 1975 2398 2043 „Sacra

126 2069 340 2119 doctrina
384 2068 529 2118 utitur
550 2053 552 2057 ¹
575 2068 931 2119 auctoritatibus
977 2068 1240 2117 canonicae
1281 2068 1546 2133 scripturae
1592 2069 1786 2135 proprie
1824 2084 1887 2120 ex
1921 2069 2214 2119 necessitate
2251 2083 2395 2135 argu—

126 2159 383 2225 mentandi,
422 2159 776 2211 auctoritatibus
812 2155 931 2211 vero
961 2159 1162 2209 aliorum
1200 2158 1451 2209 doctorum
1469 2146 1723 2211 'ecclesiae
1759 2161 1808 2227 ⁶,
1848 2159 1983 2225 quasi
2013 2152 2396 2227 argumentando

127 2267 189 2301 ex
233 2252 464 2317 propriiS,
512 2251 599 2302 sed
630 2251 941 2318 probabiliter
975 2254 1011 2301 ⁷.
1082 2250 1297 2301 Innititur
1333 2252 1461 2301 enim
1494 2251 1615 2303 fides
1652 2258 1816 2303 nostra
1851 2250 2137 2302 revelationi
2169 2251 2398 2318 apostolis

128 2347 176 2391 et
218 2341 462 2407 prophetis
503 2341 656 2393 factae
692 2346 735 2410 ⁸,
787 2345 867 2409 qui
912 2343 1172 2394 canonicos
1221 2341 1370 2393 libros
1407 2344 1729 2412 scripserunt,
1785 2358 1883 2394 non
1919 2351 2079 2395 autem
2115 2343 2401 2395 revelationi

51 2486 54 2488 ,
132 2432 174 2482 si
208 2446 330 2498 quae
365 2431 452 2482 fuit
487 2432 589 2484 aliis
626 2434 901 2487 doctoribus
940 2433 1114 2485 facta.“

231 2622 272 2683 ¹)
321 2623 424 2682 Cap.
460 2623 492 2668 Ι.

227 2711 272 2772 ²)
318 2710 479 2756 Adver.
502 2709 670 2756 haeres·
690 2711 765 2756 lib.
788 2712 860 2757 ΙΠ.
893 2726 1016 2772 capp.
1042 2713 1075 2758 Ι.
1094 2727 1215 2772 seqq.

226 2798 272 2859 ³)
316 2799 483 2844 Passim
506 2801 550 2845 in
570 2813 701 2845 aureo
723 2801 778 2846 de
797 2800 1218 2861 Praescriptionibus

128 2886 294 2931 libello.

227 2975 271 3036 ⁴)
297 2976 492 3021 Pluribus
507 2976 566 3036 id,
579 2990 630 3020 ac
643 2989 765 3022 more
778 2990 874 3037 suo,
889 2978 1219 3036 elegantissime

132 3063 324 3108 ostendit
356 3064 557 3110 Petavius
600 3066 644 3110 in
678 3066 1007 3125 Prolegomenis
1031 3067 1086 3112 ad
1109 3081 1218 3125 opus

136 3149 501 3210 Theologicorum
524 3153 816 3217 *Dogmatum,
854 3169 978 3215 capp.
1015 3155 1169 3199 1-11.

229 3238 272 3299 ⁵)
324 3240 370 3286 S.
405 3241 437 3286 Ι.
471 3254 514 3299 p.
551 3255 591 3300 q.
628 3242 659 3286 1.
698 3249 777 3288 art.
812 3243 926 3289 VIII.
965 3244 1019 3288 ad
1053 3244 1097 3289 2.

227 3324 271 3385 6)
315 3326 488 3389 Supple,
524 3329 624 3374 dum
659 3331 791 3375 iidem
813 3344 901 3376 non
926 3332 1216 3392 consentiunt,

131 3425 181 3455 ac
216 3413 259 3456 in
292 3416 436 3460 varias
471 3417 667 3464 distracti
710 3421 946 3465 sententias
989 3423 1219 3478 opinantur

128 3502 273 3558 potius
320 3515 445 3560 quam
485 3504 530 3550 id
563 3506 773 3567 referunt,
821 3509 940 3566 quod
984 3509 1218 3554 traditione

126 3601 341 3646 nunquam
376 3590 646 3650 interpellata
686 3602 958 3655 acceperunt.

229 3676 273 3736 ⁷)
327 3676 460 3736 Atqui
492 3692 580 3726 non
611 3684 876 3747 probabilia,
911 3685 990 3730 sed
1025 3689 1143 3729 certa
1169 3696 1220 3728 ac

129 3775 306 3821 prorsus
342 3756 642 3829 ἄναντίρῤητα
674 3779 773 3819 sunt
805 3778 1073 3831 argumenta,
1110 3786 1220 3830 quae

129 3863 185 3895 ex
220 3855 427 3911 ,unanimi
470 3855 641 3901 Patrum
686 3862 899 3906 sententia
943 3861 1217 3917 colliguntur.

130 3937 252 3984 Unde
293 3941 502 3987 Melchior
545 3943 686 3990 Canus
732 3948 786 3993 de
830 3948 957 3994 Locis
1006 3948 1216 4006 Theolog.

128 4025 203 4071 lib.
237 4028 331 4074 vll.
378 4043 472 4090 cap.
507 4030 579 4076 111.
624 4033 735 4079 hanc
780 4038 928 4095 quinto
973 4037 1073 4082 loco
1118 4051 1220 4082 con-

136 4114 371 4164 clusionem
404 4120 549 4178 ponit:
584 4119 664 4181 „In
699 4127 974 4182 expositione
997 4138 1216 4173 sacrarum

1301 2625 1543 2671 litterarum
1600 2627 1845 2672 communis
1902 2628 2096 2673 omnium
2150 2632 2399 2673 sanctorum

1302 2719 1498 2758 veterum
1535 2714 1823 2772 intelligentia
1858 2717 2150 2761 certissimum
2173 2730 2402 2774 argumen-

1303 2808 1391 2846 tum
1435 2803 1650 2861 theologo
1695 2808 1892 2862 praestat
1926 2804 1981 2849 ad
2016 2805 2296 2863 theologicas
2333 2819 2402 2850 as-

1303 2892 1518 2935 sertiones
1553 2891 1930 2938 corroborandas:
1978 2895 2136 2954 quippe
2173 2908 2270 2939 cum
2301 2908 2402 2942 san-

1302 2985 1470 3024 ctorum
1506 2964 1697 3025 omnium
1733 2982 2094 3041 sensus'Spiritus
2129 2985 2268 3029 sancti
2302 2998 2400 3029 sen-

1300 3082 1374 3113 sus
1409 3070 1502 3128 ipse
1536 3068 1642 3115 sit.“
1710 3070 1837 3125 Quod
1878 3084 1987 3129 ergo
2025 3072 2216 3118 'Phomas
2251 3073 2398 3134 docet,

1302 3158 1358 3202 ad
1390 3157 1540 3203 Patres
1575 3158 1729 3203 referri
1765 3158 1920 3220 debet,
1958 3173 2087 3218 quum
2117 3174 2320 3206 seorsum
2357 3168 2401 3207 et

1300 3237 1419 3290 κατυέ
1478 3243 1615 3307 μέρος
1672 3246 2016 3293 considerantur.
2115 3250 2180 3297 De
2246 3250 2401 3308 quibus

1302 3334 1439 3379 altero
1482 3335 1584 3379 loco
1630 3337 1690 3380 ita
1727 3335 1868 3381 Canus
1903 3339 2078 3383 statuit:
2125 3338 2291 3399 „Unius
2328 3345 2401 3384 aut

1301 3422 1481 3469 duorum
1535 3430 1785 3469 sanctorum
1841 3427 2111 3488 auctoritas,
2174 3428 2307 3472 etiam
2357 3428 2402 3472 in

1299 3511 1393 3572 his,
1442 3526 1552 3571 quae
1597 3513 1652 3557 ad
1686 3526 1836 3558 sacras
1871 3515 2038 3560 litteras
2075 3521 2120 3560 et
2153 3516 2402 3561 doctrinam

1301 3599 1403 3644 fidei
1437 3601 1667 3662 pertinent,
1703 3601 1934 3660 probabile
1970 3602 2145 3662 quidem
2173 3617 2403 3662 argumen-

1301 3693 1390 3733 tum
1443 3689 1773 3735 subministrare
1823 3696 1997 3753 potest3

1300 3788 1387 3822 non
1429 3775 1624 3835 potest.“

1400 3863 1444 3925 8)
1497 3866 1773 3924 Quapropter
1813 3865 1964 3911 fideles
2008 3866 2207 3912 dicuntur
2239 3866 2399 3927 Ephes.

1300 3950 1352 3996 ΙΙ.
1389 3952 1466 3997 20.
1504 3967 1525 3996 a
1562 3953 1694 3998 Paulo
1741 3952 2176 4014 ἐποικοδομηθέντες
2222 3954 2294 4001 ἐπὶ
2335 3952 2404 4015 τῷ

1301 4037 1502 4099 θεμελίῳ
1558 4037 1648 4086 τῶν
1694 4032 1964 4087 ἀποστόλων
2015 4041 2092 4086 καὶ
2137 4039 2401 4105 προφητῶν,

2071 3692 2241 3737 firmum
2294 3704 2402 3738 vero

1298 4119 1428 4180 ὄντος
1461 4119 1788 4190 ἀκρογωνιαίου
1822 4124 1964 4178 αὐτοῦ
1983 4123 2129 4192 Ἰησοῦ
2148 4127 2370 4195 Χριστοῦ.

1958 4220 2050 4276 1*
