<?xml version="1.0" encoding="UTF-8"?>
<!DOCTYPE html PUBLIC "-//W3C//DTD XHTML 1.0 Transitional//EN"
    "http://www.w3.org/TR/xhtml1/DTD/xhtml1-transitional.dtd">
<html xmlns="http://www.w3.org/1999/xhtml" xml:lang="en" lang="en">
 <head>
  <title>
</title>
<meta http-equiv="Content-Type" content="text/html;charset=utf-8" />
  <meta name='ocr-system' content='tesseract 3.04.00' />
  <meta name='ocr-capabilities' content='ocr_page ocr_carea ocr_par ocr_line ocrx_word'/>
</head>
<body>
  <div class='ocr_page' id='page_1' title='image "a603168400passuoft_0025.png"; bbox 0 0 2574 4276; ppageno 0'>
   <div class='ocr_carea' id='block_1_1' title="bbox 1000 147 2353 202">
    <p class='ocr_par' dir='ltr' id='par_1_1' title="bbox 1000 147 2353 202">
     <span class='ocr_line' id='line_1_1' title="bbox 1000 147 2353 202; baseline -0.004 -1"><span class='ocrx_word' id='word_1_1' title='bbox 1000 148 1241 202; x_wconf 81' lang='lat' dir='ltr'>CAPUT</span> <span class='ocrx_word' id='word_1_2' title='bbox 1308 148 1401 198; x_wconf 89' lang='grc' dir='ltr'><strong>ΙΙΙ.</strong></span> <span class='ocrx_word' id='word_1_3' title='bbox 2284 147 2353 196; x_wconf 76' lang='grc'>17</span> 
     </span>
    </p>
   </div>
   <div class='ocr_carea' id='block_1_2' title="bbox 55 282 2354 799">
    <p class='ocr_par' dir='ltr' id='par_1_2' title="bbox 55 282 2354 799">
     <span class='ocr_line' id='line_1_2' title="bbox 59 282 2350 358; baseline -0.004 -13"><span class='ocrx_word' id='word_1_4' title='bbox 59 294 228 346; x_wconf 89' lang='lat' dir='ltr'>incitas</span> <span class='ocrx_word' id='word_1_5' title='bbox 261 292 558 358; x_wconf 84' lang='lat' dir='ltr'>redigerent.</span> <span class='ocrx_word' id='word_1_6' title='bbox 629 289 948 341; x_wconf 91' lang='lat' dir='ltr'><strong>Nihilominus</strong></span> <span class='ocrx_word' id='word_1_7' title='bbox 986 303 1079 340; x_wconf 93' lang='lat' dir='ltr'>una</span> <span class='ocrx_word' id='word_1_8' title='bbox 1115 289 1330 340; x_wconf 90' lang='lat' dir='ltr'>omnium</span> <span class='ocrx_word' id='word_1_9' title='bbox 1364 301 1463 338; x_wconf 84' lang='lat' dir='ltr'>vox</span> <span class='ocrx_word' id='word_1_10' title='bbox 1494 284 1848 353; x_wconf 89' lang='lat' dir='ltr'>propemodum</span> <span class='ocrx_word' id='word_1_11' title='bbox 1884 285 2096 337; x_wconf 91' lang='lat' dir='ltr'>insonuit</span> <span class='ocrx_word' id='word_1_12' title='bbox 2121 282 2185 351; x_wconf 79' lang='lat'>¹¹²,</span> <span class='ocrx_word' id='word_1_13' title='bbox 2225 300 2350 351; x_wconf 85' lang='lat' dir='ltr'>quae</span> 
     </span>
     <span class='ocr_line' id='line_1_3' title="bbox 57 375 2350 450; baseline -0.004 -14"><span class='ocrx_word' id='word_1_14' title='bbox 57 385 165 437; x_wconf 89' lang='lat' dir='ltr'>illos</span> <span class='ocrx_word' id='word_1_15' title='bbox 201 389 458 450; x_wconf 85' lang='lat' dir='ltr'>susceptae</span> <span class='ocrx_word' id='word_1_16' title='bbox 495 395 698 432; x_wconf 84' lang='lat' dir='ltr'>caussae</span> <span class='ocrx_word' id='word_1_17' title='bbox 735 395 835 431; x_wconf 91' lang='lat' dir='ltr'>non</span> <span class='ocrx_word' id='word_1_18' title='bbox 869 386 1142 431; x_wconf 86' lang='lat' dir='ltr'>assertores</span> <span class='ocrx_word' id='word_1_19' title='bbox 1179 386 1227 431; x_wconf 92' lang='lat' dir='ltr'>et</span> <span class='ocrx_word' id='word_1_20' title='bbox 1259 379 1504 445; x_wconf 84' lang='lat' dir='ltr'>vindiceS,</span> <span class='ocrx_word' id='word_1_21' title='bbox 1555 376 1644 429; x_wconf 92' lang='lat' dir='ltr'>sed</span> <span class='ocrx_word' id='word_1_22' title='bbox 1685 376 1960 443; x_wconf 88' lang='lat' dir='ltr'>proditores</span> <span class='ocrx_word' id='word_1_23' title='bbox 1995 375 2350 427; x_wconf 89' lang='lat' dir='ltr'>infensissimos</span> 
     </span>
     <span class='ocr_line' id='line_1_4' title="bbox 59 467 2354 544; baseline -0.003 -18"><span class='ocrx_word' id='word_1_24' title='bbox 59 475 334 527; x_wconf 83' lang='lat' dir='ltr'>declaravit.</span> <span class='ocrx_word' id='word_1_25' title='bbox 409 472 550 523; x_wconf 89' lang='lat' dir='ltr'>Cuius</span> <span class='ocrx_word' id='word_1_26' title='bbox 587 471 932 522; x_wconf 86' lang='lat' dir='ltr'>acerbissimae</span> <span class='ocrx_word' id='word_1_27' title='bbox 966 471 1363 538; x_wconf 86' lang='lat' dir='ltr'>reprehensionis</span> <span class='ocrx_word' id='word_1_28' title='bbox 1399 469 1523 520; x_wconf 93' lang='lat' dir='ltr'>haec</span> <span class='ocrx_word' id='word_1_29' title='bbox 1557 469 1806 535; x_wconf 89' lang='lat' dir='ltr'>potissima</span> <span class='ocrx_word' id='word_1_30' title='bbox 1840 468 1964 520; x_wconf 87' lang='lat' dir='ltr'>ratio</span> <span class='ocrx_word' id='word_1_31' title='bbox 2002 468 2176 544; x_wconf 81' lang='lat' dir='ltr'>extitit,</span> <span class='ocrx_word' id='word_1_32' title='bbox 2222 467 2354 534; x_wconf 92' lang='lat' dir='ltr'>quod</span> 
     </span>
     <span class='ocr_line' id='line_1_5' title="bbox 59 558 2353 632; baseline -0.003 -15"><span class='ocrx_word' id='word_1_33' title='bbox 59 565 343 632; x_wconf 85' lang='lat' dir='ltr'>evangelica</span> <span class='ocrx_word' id='word_1_34' title='bbox 378 565 654 616; x_wconf 89' lang='lat' dir='ltr'>testimonia</span> <span class='ocrx_word' id='word_1_35' title='bbox 689 564 1026 631; x_wconf 82' lang='lat' dir='ltr'>negligerent,</span> <span class='ocrx_word' id='word_1_36' title='bbox 1067 577 1237 613; x_wconf 91' lang='lat' dir='ltr'>eorum</span> <span class='ocrx_word' id='word_1_37' title='bbox 1272 562 1397 628; x_wconf 88' lang='lat' dir='ltr'>vim,</span> <span class='ocrx_word' id='word_1_38' title='bbox 1445 565 1830 627; x_wconf 85' lang='lat' dir='ltr'>potestatemque</span> <span class='ocrx_word' id='word_1_39' title='bbox 1866 558 2102 627; x_wconf 89' lang='lat' dir='ltr'>probandi</span> <span class='ocrx_word' id='word_1_40' title='bbox 2137 565 2353 611; x_wconf 89' lang='lat' dir='ltr'>attenua-</span> 
     </span>
     <span class='ocr_line' id='line_1_6' title="bbox 55 650 2354 723; baseline -0.002 -16"><span class='ocrx_word' id='word_1_41' title='bbox 55 663 179 723; x_wconf 86' lang='lat' dir='ltr'>rent,</span> <span class='ocrx_word' id='word_1_42' title='bbox 217 671 276 707; x_wconf 92' lang='lat' dir='ltr'>ac</span> <span class='ocrx_word' id='word_1_43' title='bbox 311 656 371 707; x_wconf 93' lang='lat' dir='ltr'>de</span> <span class='ocrx_word' id='word_1_44' title='bbox 408 655 669 721; x_wconf 86' lang='lat' dir='ltr'>parietibus</span> <span class='ocrx_word' id='word_1_45' title='bbox 706 661 755 706; x_wconf 92' lang='lat' dir='ltr'>et</span> <span class='ocrx_word' id='word_1_46' title='bbox 789 653 1082 721; x_wconf 88' lang='lat' dir='ltr'>imponendo</span> <span class='ocrx_word' id='word_1_47' title='bbox 1117 651 1312 718; x_wconf 89' lang='lat' dir='ltr'>fastigio</span> <span class='ocrx_word' id='word_1_48' title='bbox 1348 651 1555 718; x_wconf 81' lang='lat' dir='ltr'>solliciti,</span> <span class='ocrx_word' id='word_1_49' title='bbox 1593 650 1958 704; x_wconf 89' lang='lat' dir='ltr'>fundamentum</span> <span class='ocrx_word' id='word_1_50' title='bbox 1981 652 2138 719; x_wconf 91' lang='lat' dir='ltr'>ipsum</span> <span class='ocrx_word' id='word_1_51' title='bbox 2174 651 2354 718; x_wconf 90' lang='lat' dir='ltr'>impru-</span> 
     </span>
     <span class='ocr_line' id='line_1_7' title="bbox 57 741 624 799; baseline -0.004 -1"><span class='ocrx_word' id='word_1_52' title='bbox 57 741 228 799; x_wconf 87' lang='lat' dir='ltr'>dentes</span> <span class='ocrx_word' id='word_1_53' title='bbox 264 745 624 798; x_wconf 88' lang='lat' dir='ltr'>labefactarent.</span> 
     </span>
    </p>
   </div>
   <div class='ocr_carea' id='block_1_3' title="bbox 60 852 2360 1287">
    <p class='ocr_par' dir='ltr' id='par_1_3' title="bbox 60 852 2360 1287">
     <span class='ocr_line' id='line_1_8' title="bbox 239 852 2357 925; baseline -0.002 -15"><span class='ocrx_word' id='word_1_54' title='bbox 239 865 317 910; x_wconf 80' lang='lat'>22.</span> <span class='ocrx_word' id='word_1_55' title='bbox 389 858 551 925; x_wconf 85' lang='lat' dir='ltr'>Atque</span> <span class='ocrx_word' id='word_1_56' title='bbox 585 857 660 908; x_wconf 90' lang='lat' dir='ltr'>his</span> <span class='ocrx_word' id='word_1_57' title='bbox 703 855 896 923; x_wconf 90' lang='lat' dir='ltr'>quidem</span> <span class='ocrx_word' id='word_1_58' title='bbox 931 856 996 906; x_wconf 91' lang='lat' dir='ltr'>ita</span> <span class='ocrx_word' id='word_1_59' title='bbox 1032 852 1274 904; x_wconf 88' lang='lat' dir='ltr'>obiectam</span> <span class='ocrx_word' id='word_1_60' title='bbox 1311 852 1426 903; x_wconf 94' lang='lat' dir='ltr'>dilui</span> <span class='ocrx_word' id='word_1_61' title='bbox 1462 853 1789 905; x_wconf 88' lang='lat' dir='ltr'>difficultatem</span> <span class='ocrx_word' id='word_1_62' title='bbox 1824 862 1968 923; x_wconf 91' lang='lat' dir='ltr'>puto,</span> <span class='ocrx_word' id='word_1_63' title='bbox 2021 862 2073 907; x_wconf 91' lang='lat' dir='ltr'>ut</span> <span class='ocrx_word' id='word_1_64' title='bbox 2108 855 2357 907; x_wconf 92' lang='lat' dir='ltr'>inculcan-</span> 
     </span>
     <span class='ocr_line' id='line_1_9' title="bbox 60 943 2356 1015; baseline -0 -16"><span class='ocrx_word' id='word_1_65' title='bbox 60 949 169 1000; x_wconf 91' lang='lat' dir='ltr'>dam</span> <span class='ocrx_word' id='word_1_66' title='bbox 206 964 399 1002; x_wconf 91' lang='lat' dir='ltr'>rursum</span> <span class='ocrx_word' id='word_1_67' title='bbox 434 963 533 999; x_wconf 90' lang='lat' dir='ltr'>non</span> <span class='ocrx_word' id='word_1_68' title='bbox 570 962 682 998; x_wconf 88' lang='lat' dir='ltr'>esse</span> <span class='ocrx_word' id='word_1_69' title='bbox 716 960 805 1012; x_wconf 91' lang='lat' dir='ltr'>pro</span> <span class='ocrx_word' id='word_1_70' title='bbox 841 950 976 995; x_wconf 93' lang='lat' dir='ltr'>certo</span> <span class='ocrx_word' id='word_1_71' title='bbox 1013 943 1234 995; x_wconf 88' lang='lat' dir='ltr'>habeam.</span> <span class='ocrx_word' id='word_1_72' title='bbox 1306 944 1410 996; x_wconf 91' lang='lat' dir='ltr'>Nisi</span> <span class='ocrx_word' id='word_1_73' title='bbox 1445 945 1575 996; x_wconf 92' lang='lat' dir='ltr'>illam</span> <span class='ocrx_word' id='word_1_74' title='bbox 1607 945 1854 996; x_wconf 90' lang='lat' dir='ltr'>inculcare</span> <span class='ocrx_word' id='word_1_75' title='bbox 1879 946 2098 999; x_wconf 87' lang='lat' dir='ltr'>fortassis</span> <span class='ocrx_word' id='word_1_76' title='bbox 2133 953 2356 1015; x_wconf 88' lang='lat' dir='ltr'>pergant,</span> 
     </span>
     <span class='ocr_line' id='line_1_10' title="bbox 60 1036 2359 1107; baseline -0 -16"><span class='ocrx_word' id='word_1_77' title='bbox 60 1041 141 1107; x_wconf 87' lang='lat' dir='ltr'>qui</span> <span class='ocrx_word' id='word_1_78' title='bbox 175 1040 290 1091; x_wconf 90' lang='lat' dir='ltr'>licet</span> <span class='ocrx_word' id='word_1_79' title='bbox 322 1040 504 1090; x_wconf 89' lang='lat' dir='ltr'>incisos</span> <span class='ocrx_word' id='word_1_80' title='bbox 537 1037 755 1089; x_wconf 89' lang='lat' dir='ltr'>eiusdem</span> <span class='ocrx_word' id='word_1_81' title='bbox 789 1050 970 1087; x_wconf 88' lang='lat' dir='ltr'>nervos</span> <span class='ocrx_word' id='word_1_82' title='bbox 1008 1037 1238 1102; x_wconf 90' lang='lat' dir='ltr'>sentiant,</span> <span class='ocrx_word' id='word_1_83' title='bbox 1287 1036 1501 1087; x_wconf 92' lang='lat' dir='ltr'>nondum</span> <span class='ocrx_word' id='word_1_84' title='bbox 1545 1043 1709 1088; x_wconf 89' lang='lat' dir='ltr'>tamen</span> <span class='ocrx_word' id='word_1_85' title='bbox 1747 1037 2002 1088; x_wconf 88' lang='lat' dir='ltr'>enucleate</span> <span class='ocrx_word' id='word_1_86' title='bbox 2038 1038 2226 1106; x_wconf 90' lang='lat' dir='ltr'>vident,</span> <span class='ocrx_word' id='word_1_87' title='bbox 2278 1039 2359 1106; x_wconf 92' lang='lat' dir='ltr'>qui</span> 
     </span>
     <span class='ocr_line' id='line_1_11' title="bbox 60 1124 2359 1197; baseline 0 -15"><span class='ocrx_word' id='word_1_88' title='bbox 60 1131 346 1197; x_wconf 89' lang='lat' dir='ltr'>contingere</span> <span class='ocrx_word' id='word_1_89' title='bbox 391 1129 546 1195; x_wconf 88' lang='lat' dir='ltr'>possit</span> <span class='ocrx_word' id='word_1_90' title='bbox 588 1129 705 1179; x_wconf 88' lang='lat' dir='ltr'>citra</span> <span class='ocrx_word' id='word_1_91' title='bbox 749 1124 1040 1194; x_wconf 77' lang='grc' dir='ltr'><em>ἐξηγητικῆς</em></span> <span class='ocrx_word' id='word_1_92' title='bbox 1088 1126 1376 1178; x_wconf 79' lang='lat' dir='ltr'>&#39;Praditionis</span> <span class='ocrx_word' id='word_1_93' title='bbox 1416 1127 1709 1194; x_wconf 90' lang='lat' dir='ltr'>periculum,</span> <span class='ocrx_word' id='word_1_94' title='bbox 1765 1134 1819 1178; x_wconf 91' lang='lat' dir='ltr'>ut</span> <span class='ocrx_word' id='word_1_95' title='bbox 1852 1128 1978 1179; x_wconf 90' lang='lat' dir='ltr'>illius</span> <span class='ocrx_word' id='word_1_96' title='bbox 2013 1130 2250 1195; x_wconf 74' lang='lat' dir='ltr'>proban‘di</span> <span class='ocrx_word' id='word_1_97' title='bbox 2286 1132 2359 1182; x_wconf 89' lang='lat' dir='ltr'>vis</span> 
     </span>
     <span class='ocr_line' id='line_1_12' title="bbox 60 1217 2360 1287; baseline 0.001 -15"><span class='ocrx_word' id='word_1_98' title='bbox 60 1238 88 1273; x_wconf 91' lang='lat' dir='ltr'>e</span> <span class='ocrx_word' id='word_1_99' title='bbox 133 1221 389 1272; x_wconf 87' lang='lat' dir='ltr'>bibliorum</span> <span class='ocrx_word' id='word_1_100' title='bbox 439 1220 833 1286; x_wconf 86' lang='lat' dir='ltr'>interpretatione</span> <span class='ocrx_word' id='word_1_101' title='bbox 857 1220 899 1245; x_wconf 79' lang='lat'>¹⁸</span> <span class='ocrx_word' id='word_1_102' title='bbox 954 1217 1238 1285; x_wconf 90' lang='lat' dir='ltr'>dependeat.</span> <span class='ocrx_word' id='word_1_103' title='bbox 1312 1218 1494 1278; x_wconf 84' lang='lat' dir='ltr'>Quibus</span> <span class='ocrx_word' id='word_1_104' title='bbox 1544 1234 1640 1287; x_wconf 92' lang='lat' dir='ltr'>ego</span> <span class='ocrx_word' id='word_1_105' title='bbox 1677 1225 1729 1270; x_wconf 91' lang='lat' dir='ltr'>ut</span> <span class='ocrx_word' id='word_1_106' title='bbox 1762 1218 1938 1269; x_wconf 91' lang='lat' dir='ltr'>faciam</span> <span class='ocrx_word' id='word_1_107' title='bbox 1972 1219 2114 1286; x_wconf 82' lang='lat' dir='ltr'>satiS,</span> <span class='ocrx_word' id='word_1_108' title='bbox 2164 1222 2257 1274; x_wconf 90' lang='lat' dir='ltr'>tria</span> <span class='ocrx_word' id='word_1_109' title='bbox 2297 1237 2360 1273; x_wconf 88' lang='lat' dir='ltr'>ex</span> 
     </span>
    </p>
   </div>
   <div class='ocr_carea' id='block_1_4' title="bbox 58 1302 1974 1379">
    <p class='ocr_par' dir='ltr' id='par_1_4' title="bbox 58 1302 1974 1379">
     <span class='ocr_line' id='line_1_13' title="bbox 58 1302 1974 1379; baseline -0.001 -16"><span class='ocrx_word' id='word_1_110' title='bbox 58 1312 227 1363; x_wconf 90' lang='lat' dir='ltr'>ordine</span> <span class='ocrx_word' id='word_1_111' title='bbox 261 1325 552 1379; x_wconf 89' lang='lat' dir='ltr'>proponam,</span> <span class='ocrx_word' id='word_1_112' title='bbox 592 1317 641 1362; x_wconf 89' lang='lat' dir='ltr'>et</span> <span class='ocrx_word' id='word_1_113' title='bbox 674 1302 871 1377; x_wconf 79' lang='lat' dir='ltr'>maiOri,</span> <span class='ocrx_word' id='word_1_114' title='bbox 909 1324 1005 1377; x_wconf 90' lang='lat' dir='ltr'>qua</span> <span class='ocrx_word' id='word_1_115' title='bbox 1038 1308 1144 1362; x_wconf 88' lang='lat' dir='ltr'>fieri</span> <span class='ocrx_word' id='word_1_116' title='bbox 1178 1310 1414 1362; x_wconf 83' lang='lat' dir='ltr'>brevitate</span> <span class='ocrx_word' id='word_1_117' title='bbox 1449 1311 1649 1378; x_wconf 90' lang='lat' dir='ltr'>poterit,</span> <span class='ocrx_word' id='word_1_118' title='bbox 1687 1309 1974 1378; x_wconf 86' lang='lat' dir='ltr'>explanabo.</span> 
     </span>
    </p>
   </div>
   <div class='ocr_carea' id='block_1_5' title="bbox 58 1503 1167 1830">
    <p class='ocr_par' dir='ltr' id='par_1_5' title="bbox 58 1503 1167 1830">
     <span class='ocr_line' id='line_1_14' title="bbox 165 1503 1166 1567; baseline -0.003 -16"><span class='ocrx_word' id='word_1_119' title='bbox 165 1504 236 1567; x_wconf 80' lang='lat'>¹²)</span> <span class='ocrx_word' id='word_1_120' title='bbox 271 1503 336 1551; x_wconf 86' lang='lat' dir='ltr'>Cf.</span> <span class='ocrx_word' id='word_1_121' title='bbox 371 1504 676 1566; x_wconf 89' lang='lat' dir='ltr'>Ballerinium,</span> <span class='ocrx_word' id='word_1_122' title='bbox 721 1503 788 1552; x_wconf 90' lang='lat' dir='ltr'>De</span> <span class='ocrx_word' id='word_1_123' title='bbox 827 1503 874 1550; x_wconf 86' lang='lat' dir='ltr'>vi</span> <span class='ocrx_word' id='word_1_124' title='bbox 916 1508 961 1549; x_wconf 91' lang='lat' dir='ltr'>et</span> <span class='ocrx_word' id='word_1_125' title='bbox 991 1503 1166 1549; x_wconf 88' lang='lat' dir='ltr'>ratione</span> 
     </span>
     <span class='ocr_line' id='line_1_15' title="bbox 61 1574 1167 1654; baseline -0.003 -15"><span class='ocrx_word' id='word_1_126' title='bbox 61 1593 299 1654; x_wconf 85' lang='lat' dir='ltr'>PrimatuS,</span> <span class='ocrx_word' id='word_1_127' title='bbox 348 1607 444 1653; x_wconf 91' lang='lat' dir='ltr'>cap.</span> <span class='ocrx_word' id='word_1_128' title='bbox 478 1593 534 1639; x_wconf 91' lang='lat' dir='ltr'>V.</span> <span class='ocrx_word' id='word_1_129' title='bbox 580 1607 652 1639; x_wconf 91' lang='lat' dir='ltr'>nn.</span> <span class='ocrx_word' id='word_1_130' title='bbox 689 1593 864 1654; x_wconf 88' lang='lat'>4-6,</span> <span class='ocrx_word' id='word_1_131' title='bbox 915 1597 961 1638; x_wconf 92' lang='lat' dir='ltr'>et</span> <span class='ocrx_word' id='word_1_132' title='bbox 1004 1574 1167 1637; x_wconf 51' lang='lat' dir='ltr'>Zacca-</span> 
     </span>
     <span class='ocr_line' id='line_1_16' title="bbox 58 1681 1162 1743; baseline 0 -17"><span class='ocrx_word' id='word_1_133' title='bbox 58 1682 193 1743; x_wconf 89' lang='lat' dir='ltr'>riam,</span> <span class='ocrx_word' id='word_1_134' title='bbox 247 1681 611 1729; x_wconf 89' lang='lat' dir='ltr'>Anti-Febbron.</span> <span class='ocrx_word' id='word_1_135' title='bbox 672 1682 897 1728; x_wconf 85' lang='lat' dir='ltr'>Vindicat.</span> <span class='ocrx_word' id='word_1_136' title='bbox 946 1682 1054 1728; x_wconf 88' lang='lat' dir='ltr'>diss.</span> <span class='ocrx_word' id='word_1_137' title='bbox 1108 1681 1162 1727; x_wconf 92' lang='grc' dir='ltr'>Π.</span> 
     </span>
     <span class='ocr_line' id='line_1_17' title="bbox 62 1769 411 1830; baseline 0.003 -16"><span class='ocrx_word' id='word_1_138' title='bbox 62 1783 159 1830; x_wconf 88' lang='lat' dir='ltr'>cap.</span> <span class='ocrx_word' id='word_1_139' title='bbox 185 1769 259 1815; x_wconf 92' lang='lat'>111.</span> <span class='ocrx_word' id='word_1_140' title='bbox 295 1785 338 1815; x_wconf 90' lang='lat' dir='ltr'>n.</span> <span class='ocrx_word' id='word_1_141' title='bbox 367 1770 411 1816; x_wconf 77' lang='lat'>7.</span> 
     </span>
    </p>
   </div>
   <div class='ocr_carea' id='block_1_6' title="bbox 0 1879 1169 4152">
    <p class='ocr_par' dir='ltr' id='par_1_6' title="bbox 0 1879 1169 4152">
     <span class='ocr_line' id='line_1_18' title="bbox 170 1879 1167 1942; baseline -0.003 -16"><span class='ocrx_word' id='word_1_142' title='bbox 170 1879 240 1942; x_wconf 77' lang='lat'>¹³)</span> <span class='ocrx_word' id='word_1_143' title='bbox 276 1880 334 1926; x_wconf 89' lang='lat' dir='ltr'>Ut</span> <span class='ocrx_word' id='word_1_144' title='bbox 367 1892 455 1938; x_wconf 92' lang='lat' dir='ltr'>quo</span> <span class='ocrx_word' id='word_1_145' title='bbox 490 1879 577 1925; x_wconf 91' lang='lat' dir='ltr'>ista</span> <span class='ocrx_word' id='word_1_146' title='bbox 612 1883 827 1941; x_wconf 83' lang='lat' dir='ltr'>spectent,</span> <span class='ocrx_word' id='word_1_147' title='bbox 867 1883 1167 1937; x_wconf 85' lang='lat' dir='ltr'>cognoscatur</span> 
     </span>
     <span class='ocr_line' id='line_1_19' title="bbox 59 1966 1166 2029; baseline -0.002 -16"><span class='ocrx_word' id='word_1_148' title='bbox 59 1968 320 2029; x_wconf 90' lang='lat' dir='ltr'>evidentius,</span> <span class='ocrx_word' id='word_1_149' title='bbox 356 1967 520 2013; x_wconf 88' lang='lat' dir='ltr'>iuverit</span> <span class='ocrx_word' id='word_1_150' title='bbox 554 1967 929 2013; x_wconf 86' lang='lat' dir='ltr'>animadvertere:</span> <span class='ocrx_word' id='word_1_151' title='bbox 991 1967 1024 2012; x_wconf 91' lang='lat'>1.</span> <span class='ocrx_word' id='word_1_152' title='bbox 1062 1966 1166 2012; x_wconf 90' lang='lat' dir='ltr'>Tra-</span> 
     </span>
     <span class='ocr_line' id='line_1_20' title="bbox 61 2055 1166 2117; baseline 0 -17"><span class='ocrx_word' id='word_1_153' title='bbox 61 2057 275 2102; x_wconf 88' lang='lat' dir='ltr'>ditionem</span> <span class='ocrx_word' id='word_1_154' title='bbox 299 2055 560 2114; x_wconf 81' lang='lat' dir='ltr'>subjective,</span> <span class='ocrx_word' id='word_1_155' title='bbox 586 2060 633 2101; x_wconf 86' lang='lat' dir='ltr'>ut</span> <span class='ocrx_word' id='word_1_156' title='bbox 655 2056 904 2117; x_wconf 89' lang='lat' dir='ltr'>loquuntur,</span> <span class='ocrx_word' id='word_1_157' title='bbox 937 2061 1166 2115; x_wconf 82' lang='lat' dir='ltr'>acceptam</span> 
     </span>
     <span class='ocr_line' id='line_1_21' title="bbox 0 2143 1164 2214; baseline 0.003 -27"><span class='ocrx_word' id='word_1_158' title='bbox 0 2191 4 2202; x_wconf 33' lang='grc' dir='ltr'>Ι</span> <span class='ocrx_word' id='word_1_159' title='bbox 59 2143 251 2190; x_wconf 90' lang='lat' dir='ltr'>describi</span> <span class='ocrx_word' id='word_1_160' title='bbox 287 2146 433 2205; x_wconf 83' lang='lat' dir='ltr'>aptius</span> <span class='ocrx_word' id='word_1_161' title='bbox 468 2157 740 2214; x_wconf 35' lang='lat' dir='ltr'>nonvposse,</span> <span class='ocrx_word' id='word_1_162' title='bbox 778 2159 907 2204; x_wconf 91' lang='lat' dir='ltr'>quam</span> <span class='ocrx_word' id='word_1_163' title='bbox 939 2145 979 2190; x_wconf 92' lang='lat' dir='ltr'>si</span> <span class='ocrx_word' id='word_1_164' title='bbox 1009 2146 1164 2190; x_wconf 81' lang='lat' dir='ltr'>mani-</span> 
     </span>
     <span class='ocr_line' id='line_1_22' title="bbox 56 2214 1166 2295; baseline 0.002 -18"><span class='ocrx_word' id='word_1_165' title='bbox 56 2231 243 2289; x_wconf 78' lang='lat' dir='ltr'>festatio</span> <span class='ocrx_word' id='word_1_166' title='bbox 289 2233 462 2279; x_wconf 89' lang='lat' dir='ltr'>dicatur</span> <span class='ocrx_word' id='word_1_167' title='bbox 493 2214 618 2280; x_wconf 81' lang='lat' dir='ltr'>illius</span> <span class='ocrx_word' id='word_1_168' title='bbox 651 2235 982 2292; x_wconf 79' lang='lat' dir='ltr'>conscientiae,</span> <span class='ocrx_word' id='word_1_169' title='bbox 1031 2248 1166 2295; x_wconf 84' lang='lat' dir='ltr'>quam</span> 
     </span>
     <span class='ocr_line' id='line_1_23' title="bbox 61 2321 1164 2382; baseline 0.002 -16"><span class='ocrx_word' id='word_1_170' title='bbox 61 2321 118 2366; x_wconf 89' lang='lat' dir='ltr'>de</span> <span class='ocrx_word' id='word_1_171' title='bbox 146 2323 359 2367; x_wconf 80' lang='lat' dir='ltr'>universo</span> <span class='ocrx_word' id='word_1_172' title='bbox 390 2322 667 2369; x_wconf 75' lang='lat' dir='ltr'>christianae</span> <span class='ocrx_word' id='word_1_173' title='bbox 696 2324 990 2369; x_wconf 82' lang='lat' dir='ltr'>institutionis</span> <span class='ocrx_word' id='word_1_174' title='bbox 1018 2323 1164 2382; x_wconf 85' lang='lat' dir='ltr'>depo-</span> 
     </span>
     <span class='ocr_line' id='line_1_24' title="bbox 59 2411 1164 2472; baseline 0.002 -17"><span class='ocrx_word' id='word_1_175' title='bbox 59 2411 145 2455; x_wconf 81' lang='lat' dir='ltr'>sito</span> <span class='ocrx_word' id='word_1_176' title='bbox 173 2416 398 2471; x_wconf 85' lang='lat' dir='ltr'>pastores,</span> <span class='ocrx_word' id='word_1_177' title='bbox 438 2411 729 2472; x_wconf 81' lang='lat' dir='ltr'>doctoresque</span> <span class='ocrx_word' id='word_1_178' title='bbox 763 2411 988 2457; x_wconf 85' lang='lat' dir='ltr'>ecclesiae</span> <span class='ocrx_word' id='word_1_179' title='bbox 1014 2426 1164 2472; x_wconf 82' lang='lat' dir='ltr'>prae-</span> 
     </span>
     <span class='ocr_line' id='line_1_25' title="bbox 0 2499 1168 2557; baseline 0.003 -15"><span class='ocrx_word' id='word_1_180' title='bbox 0 2520 9 2547; x_wconf 73' lang='lat'>=‚</span> <span class='ocrx_word' id='word_1_181' title='bbox 54 2499 196 2557; x_wconf 84' lang='lat' dir='ltr'>positi</span> <span class='ocrx_word' id='word_1_182' title='bbox 237 2512 330 2544; x_wconf 81' lang='lat' dir='ltr'>non</span> <span class='ocrx_word' id='word_1_183' title='bbox 374 2500 494 2545; x_wconf 83' lang='lat' dir='ltr'>citra</span> <span class='ocrx_word' id='word_1_184' title='bbox 534 2500 739 2546; x_wconf 76' lang='lat' dir='ltr'>Numinis</span> <span class='ocrx_word' id='word_1_185' title='bbox 782 2500 967 2546; x_wconf 81' lang='lat' dir='ltr'>tutelam</span> <span class='ocrx_word' id='word_1_186' title='bbox 1009 2501 1168 2557; x_wconf 79' lang='lat' dir='ltr'>fovent</span> 
     </span>
     <span class='ocr_line' id='line_1_26' title="bbox 2 2588 1168 2647; baseline 0.001 -15"><span class='ocrx_word' id='word_1_187' title='bbox 2 2592 4 2594; x_wconf 79' lang='grc'>’</span> <span class='ocrx_word' id='word_1_188' title='bbox 63 2594 198 2647; x_wconf 81' lang='lat' dir='ltr'>atque</span> <span class='ocrx_word' id='word_1_189' title='bbox 231 2588 499 2633; x_wconf 79' lang='lat' dir='ltr'>custodiunt.</span> <span class='ocrx_word' id='word_1_190' title='bbox 568 2588 604 2632; x_wconf 92' lang='lat' dir='ltr'><strong>E</strong></span> <span class='ocrx_word' id='word_1_191' title='bbox 639 2602 723 2647; x_wconf 91' lang='lat' dir='ltr'>qua</span> <span class='ocrx_word' id='word_1_192' title='bbox 758 2589 1027 2634; x_wconf 87' lang='lat' dir='ltr'>conscientia</span> <span class='ocrx_word' id='word_1_193' title='bbox 1062 2589 1168 2633; x_wconf 91' lang='lat' dir='ltr'>illud</span> 
     </span>
     <span class='ocr_line' id='line_1_27' title="bbox 60 2675 1168 2736; baseline 0.001 -16"><span class='ocrx_word' id='word_1_194' title='bbox 60 2675 235 2736; x_wconf 90' lang='lat' dir='ltr'>prodit,</span> <span class='ocrx_word' id='word_1_195' title='bbox 292 2681 340 2721; x_wconf 93' lang='lat' dir='ltr'>ut</span> <span class='ocrx_word' id='word_1_196' title='bbox 385 2690 469 2721; x_wconf 90' lang='lat' dir='ltr'>una</span> <span class='ocrx_word' id='word_1_197' title='bbox 516 2689 691 2735; x_wconf 87' lang='lat' dir='ltr'>semper</span> <span class='ocrx_word' id='word_1_198' title='bbox 741 2678 983 2736; x_wconf 89' lang='lat' dir='ltr'>eademque</span> <span class='ocrx_word' id='word_1_199' title='bbox 1035 2678 1168 2723; x_wconf 90' lang='lat' dir='ltr'>fuerit</span> 
     </span>
     <span class='ocr_line' id='line_1_28' title="bbox 60 2763 1169 2825; baseline 0.003 -17"><span class='ocrx_word' id='word_1_200' title='bbox 60 2763 276 2808; x_wconf 86' lang='lat' dir='ltr'>ecclesiae</span> <span class='ocrx_word' id='word_1_201' title='bbox 317 2763 450 2824; x_wconf 88' lang='lat' dir='ltr'>fides,</span> <span class='ocrx_word' id='word_1_202' title='bbox 498 2764 727 2823; x_wconf 91' lang='lat' dir='ltr'>nullusque</span> <span class='ocrx_word' id='word_1_203' title='bbox 763 2766 1031 2811; x_wconf 88' lang='lat' dir='ltr'>christianae</span> <span class='ocrx_word' id='word_1_204' title='bbox 1064 2779 1169 2825; x_wconf 89' lang='lat' dir='ltr'>pro-</span> 
     </span>
     <span class='ocr_line' id='line_1_29' title="bbox 61 2851 1166 2915; baseline 0.003 -19"><span class='ocrx_word' id='word_1_205' title='bbox 61 2851 271 2896; x_wconf 86' lang='lat' dir='ltr'>fessionis</span> <span class='ocrx_word' id='word_1_206' title='bbox 307 2851 515 2896; x_wconf 87' lang='lat' dir='ltr'>articulus</span> <span class='ocrx_word' id='word_1_207' title='bbox 551 2852 777 2910; x_wconf 89' lang='lat' dir='ltr'>designari</span> <span class='ocrx_word' id='word_1_208' title='bbox 818 2855 991 2915; x_wconf 89' lang='lat' dir='ltr'>possit,</span> <span class='ocrx_word' id='word_1_209' title='bbox 1038 2868 1166 2913; x_wconf 90' lang='lat' dir='ltr'>quem</span> 
     </span>
     <span class='ocr_line' id='line_1_30' title="bbox 62 2939 1167 2998; baseline 0.005 -15"><span class='ocrx_word' id='word_1_210' title='bbox 62 2939 249 2984; x_wconf 89' lang='lat' dir='ltr'>ecclesia</span> <span class='ocrx_word' id='word_1_211' title='bbox 276 2940 511 2998; x_wconf 90' lang='lat' dir='ltr'>aliquando</span> <span class='ocrx_word' id='word_1_212' title='bbox 536 2941 771 2998; x_wconf 89' lang='lat' dir='ltr'>ignorarit.</span> <span class='ocrx_word' id='word_1_213' title='bbox 837 2942 976 2989; x_wconf 92' lang='lat' dir='ltr'>Porro</span> <span class='ocrx_word' id='word_1_214' title='bbox 1001 2943 1053 2987; x_wconf 89' lang='grc' dir='ltr'>ΙΙ.</span> <span class='ocrx_word' id='word_1_215' title='bbox 1078 2957 1167 2988; x_wconf 92' lang='lat' dir='ltr'>non</span> 
     </span>
     <span class='ocr_line' id='line_1_31' title="bbox 62 3028 1169 3091; baseline 0.005 -21"><span class='ocrx_word' id='word_1_216' title='bbox 62 3040 204 3085; x_wconf 89' lang='lat' dir='ltr'>pauca</span> <span class='ocrx_word' id='word_1_217' title='bbox 238 3041 294 3074; x_wconf 86' lang='lat' dir='ltr'>ex</span> <span class='ocrx_word' id='word_1_218' title='bbox 328 3029 384 3073; x_wconf 91' lang='lat' dir='ltr'>iis</span> <span class='ocrx_word' id='word_1_219' title='bbox 420 3028 632 3091; x_wconf 88' lang='lat' dir='ltr'>articulis,</span> <span class='ocrx_word' id='word_1_220' title='bbox 669 3030 827 3090; x_wconf 90' lang='lat' dir='ltr'>quibus</span> <span class='ocrx_word' id='word_1_221' title='bbox 862 3044 1032 3076; x_wconf 90' lang='lat' dir='ltr'>summa</span> <span class='ocrx_word' id='word_1_222' title='bbox 1065 3031 1169 3075; x_wconf 86' lang='lat' dir='ltr'>Tra-</span> 
     </span>
     <span class='ocr_line' id='line_1_32' title="bbox 64 3113 1165 3179; baseline 0.005 -22"><span class='ocrx_word' id='word_1_223' title='bbox 64 3113 248 3159; x_wconf 83' lang='lat' dir='ltr'>ditionis</span> <span class='ocrx_word' id='word_1_224' title='bbox 297 3117 572 3178; x_wconf 89' lang='lat' dir='ltr'>continetur,</span> <span class='ocrx_word' id='word_1_225' title='bbox 630 3119 774 3163; x_wconf 91' lang='lat' dir='ltr'>sancti</span> <span class='ocrx_word' id='word_1_226' title='bbox 811 3118 896 3166; x_wconf 88' lang='lat' dir='ltr'>Dei</span> <span class='ocrx_word' id='word_1_227' title='bbox 940 3119 1165 3179; x_wconf 89' lang='lat' dir='ltr'>homines,</span> 
     </span>
     <span class='ocr_line' id='line_1_33' title="bbox 62 3205 1167 3265; baseline 0.005 -20"><span class='ocrx_word' id='word_1_228' title='bbox 62 3214 339 3262; x_wconf 88' lang='lat' dir='ltr'>supernoque</span> <span class='ocrx_word' id='word_1_229' title='bbox 374 3205 515 3251; x_wconf 87' lang='lat' dir='ltr'>afflati</span> <span class='ocrx_word' id='word_1_230' title='bbox 550 3206 720 3265; x_wconf 90' lang='lat' dir='ltr'>Spiritu</span> <span class='ocrx_word' id='word_1_231' title='bbox 743 3208 904 3252; x_wconf 86' lang='lat' dir='ltr'>litteris</span> <span class='ocrx_word' id='word_1_232' title='bbox 929 3209 1167 3264; x_wconf 89' lang='lat' dir='ltr'>consigna—</span> 
     </span>
     <span class='ocr_line' id='line_1_34' title="bbox 62 3290 1166 3356; baseline 0.008 -24"><span class='ocrx_word' id='word_1_233' title='bbox 62 3293 177 3333; x_wconf 87' lang='lat' dir='ltr'>runt.</span> <span class='ocrx_word' id='word_1_234' title='bbox 245 3290 423 3338; x_wconf 83' lang='lat' dir='ltr'>Factum</span> <span class='ocrx_word' id='word_1_235' title='bbox 457 3299 695 3354; x_wconf 90' lang='lat' dir='ltr'>propterea</span> <span class='ocrx_word' id='word_1_236' title='bbox 731 3301 820 3356; x_wconf 90' lang='lat' dir='ltr'>est,</span> <span class='ocrx_word' id='word_1_237' title='bbox 863 3301 911 3341; x_wconf 91' lang='lat' dir='ltr'>ut</span> <span class='ocrx_word' id='word_1_238' title='bbox 930 3296 1166 3346; x_wconf 68' lang='lat' dir='ltr'>⁴eiusmodi</span> 
     </span>
     <span class='ocr_line' id='line_1_35' title="bbox 61 3368 1165 3439; baseline 0.009 -20"><span class='ocrx_word' id='word_1_239' title='bbox 61 3368 270 3436; x_wconf 79' lang='grc' dir='ltr'><em>δόγματα</em></span> <span class='ocrx_word' id='word_1_240' title='bbox 302 3379 466 3439; x_wconf 88' lang='lat' dir='ltr'>duplici</span> <span class='ocrx_word' id='word_1_241' title='bbox 501 3382 640 3428; x_wconf 90' lang='lat' dir='ltr'>veluti</span> <span class='ocrx_word' id='word_1_242' title='bbox 677 3397 702 3427; x_wconf 92' lang='lat' dir='ltr'>e</span> <span class='ocrx_word' id='word_1_243' title='bbox 736 3382 860 3428; x_wconf 87' lang='lat' dir='ltr'>fonte</span> <span class='ocrx_word' id='word_1_244' title='bbox 895 3383 1165 3429; x_wconf 89' lang='lat' dir='ltr'>Traditionis</span> 
     </span>
     <span class='ocr_line' id='line_1_36' title="bbox 61 3464 1165 3529; baseline 0.009 -20.476"><span class='ocrx_word' id='word_1_245' title='bbox 61 3469 107 3508; x_wconf 90' lang='lat' dir='ltr'>et</span> <span class='ocrx_word' id='word_1_246' title='bbox 139 3464 394 3523; x_wconf 71' lang='lat' dir='ltr'>Scripturas</span> <span class='ocrx_word' id='word_1_247' title='bbox 425 3476 794 3529; x_wconf 84' lang='lat' dir='ltr'>propagarentur.</span> <span class='ocrx_word' id='word_1_248' title='bbox 864 3471 984 3516; x_wconf 90' lang='lat' dir='ltr'>Haec</span> <span class='ocrx_word' id='word_1_249' title='bbox 1021 3478 1165 3518; x_wconf 88' lang='lat' dir='ltr'>autem</span> 
     </span>
     <span class='ocr_line' id='line_1_37' title="bbox 60 3550 1164 3620; baseline 0.007 -21.588"><span class='ocrx_word' id='word_1_250' title='bbox 60 3550 133 3596; x_wconf 89' lang='lat'>111.</span> <span class='ocrx_word' id='word_1_251' title='bbox 170 3565 268 3597; x_wconf 92' lang='lat' dir='ltr'>cum</span> <span class='ocrx_word' id='word_1_252' title='bbox 291 3553 348 3598; x_wconf 87' lang='lat' dir='ltr'>iis</span> <span class='ocrx_word' id='word_1_253' title='bbox 371 3555 544 3619; x_wconf 79' lang='lat' dir='ltr'>collata,</span> <span class='ocrx_word' id='word_1_254' title='bbox 580 3572 694 3617; x_wconf 89' lang='lat' dir='ltr'>quae</span> <span class='ocrx_word' id='word_1_255' title='bbox 726 3560 893 3620; x_wconf 90' lang='lat' dir='ltr'>scripta</span> <span class='ocrx_word' id='word_1_256' title='bbox 929 3575 1164 3620; x_wconf 84' lang='lat' dir='ltr'>numquam</span> 
     </span>
     <span class='ocr_line' id='line_1_38' title="bbox 0 3627 1165 3702; baseline 0.012 -20"><span class='ocrx_word' id='word_1_257' title='bbox 0 3627 21 3643; x_wconf 65' lang='lat'><em>⁹</em></span> <span class='ocrx_word' id='word_1_258' title='bbox 61 3639 259 3702; x_wconf 91' lang='lat' dir='ltr'>fuerunt,</span> <span class='ocrx_word' id='word_1_259' title='bbox 318 3655 515 3702; x_wconf 84' lang='lat' dir='ltr'>quaeque</span> <span class='ocrx_word' id='word_1_260' title='bbox 569 3647 667 3692; x_wconf 89' lang='lat' dir='ltr'>sola</span> <span class='ocrx_word' id='word_1_261' title='bbox 723 3648 981 3694; x_wconf 84' lang='lat' dir='ltr'>Traditione</span> <span class='ocrx_word' id='word_1_262' title='bbox 1039 3650 1165 3695; x_wconf 91' lang='lat' dir='ltr'>inno-</span> 
     </span>
     <span class='ocr_line' id='line_1_39' title="bbox 18 3731 1166 3799; baseline 0.011 -27"><span class='ocrx_word' id='word_1_263' title='bbox 18 3739 23 3742; x_wconf 86' lang='lat'>·</span> <span class='ocrx_word' id='word_1_264' title='bbox 62 3731 259 3790; x_wconf 85' lang='lat' dir='ltr'>tescunt,</span> <span class='ocrx_word' id='word_1_265' title='bbox 309 3743 511 3777; x_wconf 87' lang='lat' dir='ltr'>caussam</span> <span class='ocrx_word' id='word_1_266' title='bbox 541 3735 785 3792; x_wconf 87' lang='lat' dir='ltr'>praebuere</span> <span class='ocrx_word' id='word_1_267' title='bbox 821 3738 1071 3799; x_wconf 83' lang='lat' dir='ltr'>theologiS,</span> <span class='ocrx_word' id='word_1_268' title='bbox 1117 3744 1166 3784; x_wconf 85' lang='lat' dir='ltr'>ut</span> 
     </span>
     <span class='ocr_line' id='line_1_40' title="bbox 64 3815 1161 3888; baseline 0.011 -27.283"><span class='ocrx_word' id='word_1_269' title='bbox 64 3815 364 3864; x_wconf 88' lang='lat' dir='ltr'>Traditionem</span> <span class='ocrx_word' id='word_1_270' title='bbox 398 3819 540 3878; x_wconf 81' lang='lat' dir='ltr'>ipsam</span> <span class='ocrx_word' id='word_1_271' title='bbox 584 3821 789 3870; x_wconf 84' lang='lat' dir='ltr'>bifariam</span> <span class='ocrx_word' id='word_1_272' title='bbox 836 3826 1161 3888; x_wconf 86' lang='lat' dir='ltr'>dispescerent,</span> 
     </span>
     <span class='ocr_line' id='line_1_41' title="bbox 63 3902 1166 3976; baseline 0.012 -27.244"><span class='ocrx_word' id='word_1_273' title='bbox 63 3902 267 3964; x_wconf 90' lang='lat' dir='ltr'>illamque</span> <span class='ocrx_word' id='word_1_274' title='bbox 300 3906 497 3952; x_wconf 90' lang='lat' dir='ltr'>dicerent</span> <span class='ocrx_word' id='word_1_275' title='bbox 529 3902 803 3973; x_wconf 79' lang='grc' dir='ltr'><em>ἐξηγητικήν,</em></span> <span class='ocrx_word' id='word_1_276' title='bbox 837 3929 920 3974; x_wconf 87' lang='lat' dir='ltr'>qua</span> <span class='ocrx_word' id='word_1_277' title='bbox 955 3908 1166 3976; x_wconf 78' lang='grc' dir='ltr'><em>δόγματα</em></span> 
     </span>
     <span class='ocr_line' id='line_1_42' title="bbox 65 3994 1163 4065; baseline 0.012 -28.263"><span class='ocrx_word' id='word_1_278' title='bbox 65 3994 381 4053; x_wconf 85' lang='lat' dir='ltr'>comprehensa</span> <span class='ocrx_word' id='word_1_279' title='bbox 428 3995 578 4042; x_wconf 90' lang='lat' dir='ltr'>bibliis</span> <span class='ocrx_word' id='word_1_280' title='bbox 622 3998 804 4047; x_wconf 87' lang='lat' dir='ltr'>nitidius</span> <span class='ocrx_word' id='word_1_281' title='bbox 845 4009 1163 4065; x_wconf 91' lang='lat' dir='ltr'>proponuntur,</span> 
     </span>
     <span class='ocr_line' id='line_1_43' title="bbox 13 4079 1166 4152; baseline 0.012 -27"><span class='ocrx_word' id='word_1_282' title='bbox 13 4142 16 4147; x_wconf 9' lang='grc' dir='ltr'>ξ</span> <span class='ocrx_word' id='word_1_283' title='bbox 65 4093 161 4126; x_wconf 87' lang='lat' dir='ltr'>eam</span> <span class='ocrx_word' id='word_1_284' title='bbox 196 4089 348 4129; x_wconf 90' lang='lat' dir='ltr'>contra</span> <span class='ocrx_word' id='word_1_285' title='bbox 382 4079 669 4146; x_wconf 79' lang='grc' dir='ltr'><em>συστατικήν,</em></span> <span class='ocrx_word' id='word_1_286' title='bbox 704 4102 817 4148; x_wconf 88' lang='lat' dir='ltr'>quae</span> <span class='ocrx_word' id='word_1_287' title='bbox 853 4083 1062 4152; x_wconf 80' lang='grc' dir='ltr'><em>δόγματα</em></span> <span class='ocrx_word' id='word_1_288' title='bbox 1095 4106 1166 4138; x_wconf 87' lang='lat' dir='ltr'>re-</span> 
     </span>
    </p>
   </div>
   <div class='ocr_carea' id='block_1_7' title="bbox 148 4183 670 4229">
    <p class='ocr_par' dir='ltr' id='par_1_7' title="bbox 148 4183 670 4229">
     <span class='ocr_line' id='line_1_44' title="bbox 148 4183 670 4229; baseline 0.006 -11"><span class='ocrx_word' id='word_1_289' title='bbox 148 4183 355 4229; x_wconf 78' lang='lat' dir='ltr'>Passaglia,</span> <span class='ocrx_word' id='word_1_290' title='bbox 380 4189 670 4221; x_wconf 77' lang='lat' dir='ltr'>commentarius.</span> 
     </span>
    </p>
   </div>
   <div class='ocr_carea' id='block_1_8' title="bbox 1247 1504 2362 3254">
    <p class='ocr_par' dir='ltr' id='par_1_8' title="bbox 1247 1504 2362 3254">
     <span class='ocr_line' id='line_1_45' title="bbox 1247 1504 2362 1566; baseline 0.002 -16"><span class='ocrx_word' id='word_1_291' title='bbox 1247 1505 1355 1566; x_wconf 91' lang='lat' dir='ltr'>fert,</span> <span class='ocrx_word' id='word_1_292' title='bbox 1402 1518 1586 1565; x_wconf 91' lang='lat' dir='ltr'>quorum</span> <span class='ocrx_word' id='word_1_293' title='bbox 1623 1504 1669 1551; x_wconf 92' lang='lat' dir='ltr'>in</span> <span class='ocrx_word' id='word_1_294' title='bbox 1704 1504 1947 1565; x_wconf 90' lang='lat' dir='ltr'>Scripturis</span> <span class='ocrx_word' id='word_1_295' title='bbox 1983 1507 2150 1552; x_wconf 90' lang='lat' dir='ltr'>mentio</span> <span class='ocrx_word' id='word_1_296' title='bbox 2186 1504 2362 1552; x_wconf 91' lang='lat' dir='ltr'>deside-</span> 
     </span>
     <span class='ocr_line' id='line_1_46' title="bbox 1247 1594 2361 1666; baseline 0.004 -28"><span class='ocrx_word' id='word_1_297' title='bbox 1247 1599 1384 1639; x_wconf 92' lang='lat' dir='ltr'>ratur.</span> <span class='ocrx_word' id='word_1_298' title='bbox 1452 1594 1591 1640; x_wconf 92' lang='lat' dir='ltr'>Huius</span> <span class='ocrx_word' id='word_1_299' title='bbox 1635 1595 1894 1666; x_wconf 85' lang='lat' dir='ltr'>partitionis</span> <span class='ocrx_word' id='word_1_300' title='bbox 1940 1594 2016 1642; x_wconf 91' lang='lat' dir='ltr'>IV.</span> <span class='ocrx_word' id='word_1_301' title='bbox 2064 1595 2151 1641; x_wconf 89' lang='lat' dir='ltr'>iam</span> <span class='ocrx_word' id='word_1_302' title='bbox 2197 1595 2300 1641; x_wconf 92' lang='lat' dir='ltr'>inde</span> <span class='ocrx_word' id='word_1_303' title='bbox 2335 1610 2361 1642; x_wconf 89' lang='lat' dir='ltr'>a</span> 
     </span>
     <span class='ocr_line' id='line_1_47' title="bbox 1248 1682 2359 1743; baseline 0.002 -15"><span class='ocrx_word' id='word_1_304' title='bbox 1248 1682 1425 1728; x_wconf 90' lang='lat' dir='ltr'>saeculo</span> <span class='ocrx_word' id='word_1_305' title='bbox 1477 1682 1595 1729; x_wconf 92' lang='lat' dir='ltr'>XVI.</span> <span class='ocrx_word' id='word_1_306' title='bbox 1652 1684 1791 1729; x_wconf 89' lang='lat' dir='ltr'>multo</span> <span class='ocrx_word' id='word_1_307' title='bbox 1838 1688 1908 1729; x_wconf 90' lang='lat' dir='ltr'>est</span> <span class='ocrx_word' id='word_1_308' title='bbox 1952 1684 2067 1743; x_wconf 89' lang='lat' dir='ltr'>apud</span> <span class='ocrx_word' id='word_1_309' title='bbox 2117 1684 2359 1743; x_wconf 87' lang='lat' dir='ltr'>theologos</span> 
     </span>
     <span class='ocr_line' id='line_1_48' title="bbox 1248 1770 2361 1834; baseline 0.004 -19"><span class='ocrx_word' id='word_1_310' title='bbox 1248 1770 1521 1830; x_wconf 84' lang='lat' dir='ltr'>frequentior</span> <span class='ocrx_word' id='word_1_311' title='bbox 1565 1773 1854 1834; x_wconf 89' lang='lat' dir='ltr'>recordatio,</span> <span class='ocrx_word' id='word_1_312' title='bbox 1909 1773 2132 1833; x_wconf 89' lang='lat' dir='ltr'>expolitio</span> <span class='ocrx_word' id='word_1_313' title='bbox 2177 1774 2361 1819; x_wconf 91' lang='lat' dir='ltr'>uberior</span> 
     </span>
     <span class='ocr_line' id='line_1_49' title="bbox 1251 1859 2359 1921; baseline 0.006 -19"><span class='ocrx_word' id='word_1_314' title='bbox 1251 1872 1304 1903; x_wconf 92' lang='lat' dir='ltr'>ac</span> <span class='ocrx_word' id='word_1_315' title='bbox 1346 1859 1522 1918; x_wconf 88' lang='lat' dir='ltr'>plenior</span> <span class='ocrx_word' id='word_1_316' title='bbox 1566 1859 1800 1906; x_wconf 87' lang='lat' dir='ltr'>defensio:</span> <span class='ocrx_word' id='word_1_317' title='bbox 1853 1862 1972 1921; x_wconf 92' lang='lat' dir='ltr'>quod</span> <span class='ocrx_word' id='word_1_318' title='bbox 2015 1864 2359 1921; x_wconf 87' lang='lat' dir='ltr'>protestantium</span> 
     </span>
     <span class='ocr_line' id='line_1_50' title="bbox 1249 1947 2361 1998; baseline 0.006 -7"><span class='ocrx_word' id='word_1_319' title='bbox 1249 1947 1474 1993; x_wconf 89' lang='lat' dir='ltr'>erroribus</span> <span class='ocrx_word' id='word_1_320' title='bbox 1520 1948 1655 1994; x_wconf 90' lang='lat' dir='ltr'>tribui</span> <span class='ocrx_word' id='word_1_321' title='bbox 1698 1949 1846 1995; x_wconf 91' lang='lat' dir='ltr'>dehet.</span> <span class='ocrx_word' id='word_1_322' title='bbox 1914 1950 1974 1996; x_wconf 91' lang='lat' dir='ltr'>Ut</span> <span class='ocrx_word' id='word_1_323' title='bbox 2009 1951 2126 1996; x_wconf 91' lang='lat' dir='ltr'>enim</span> <span class='ocrx_word' id='word_1_324' title='bbox 2161 1951 2216 1998; x_wconf 90' lang='lat' dir='ltr'>V.</span> <span class='ocrx_word' id='word_1_325' title='bbox 2255 1952 2361 1998; x_wconf 89' lang='lat' dir='ltr'>Tra-</span> 
     </span>
     <span class='ocr_line' id='line_1_51' title="bbox 1249 2030 2361 2101; baseline 0.005 -20"><span class='ocrx_word' id='word_1_326' title='bbox 1249 2036 1444 2083; x_wconf 89' lang='lat' dir='ltr'>ditiones</span> <span class='ocrx_word' id='word_1_327' title='bbox 1479 2030 1719 2101; x_wconf 69' lang='grc' dir='ltr'><em>ἀγράφους</em></span> <span class='ocrx_word' id='word_1_328' title='bbox 1751 2038 1956 2096; x_wconf 86' lang='lat' dir='ltr'>theologi</span> <span class='ocrx_word' id='word_1_329' title='bbox 1991 2039 2249 2098; x_wconf 86' lang='lat' dir='ltr'>diligentius</span> <span class='ocrx_word' id='word_1_330' title='bbox 2284 2042 2361 2087; x_wconf 93' lang='lat' dir='ltr'>de-</span> 
     </span>
     <span class='ocr_line' id='line_1_52' title="bbox 1248 2125 2361 2192; baseline 0.005 -22"><span class='ocrx_word' id='word_1_331' title='bbox 1248 2125 1508 2188; x_wconf 88' lang='lat' dir='ltr'>fenderent,</span> <span class='ocrx_word' id='word_1_332' title='bbox 1574 2128 1920 2187; x_wconf 88' lang='lat' dir='ltr'>protestantium</span> <span class='ocrx_word' id='word_1_333' title='bbox 1974 2127 2123 2174; x_wconf 85' lang='lat' dir='ltr'>effecit</span> <span class='ocrx_word' id='word_1_334' title='bbox 2175 2125 2361 2192; x_wconf 72' lang='grc' dir='ltr'><em>πρῶτον</em></span> 
     </span>
     <span class='ocr_line' id='line_1_53' title="bbox 1249 2210 2362 2277; baseline 0.003 -17"><span class='ocrx_word' id='word_1_335' title='bbox 1249 2210 1446 2277; x_wconf 75' lang='grc' dir='ltr'><em>ψεῦδος,</em></span> <span class='ocrx_word' id='word_1_336' title='bbox 1483 2228 1570 2275; x_wconf 92' lang='lat' dir='ltr'>quo</span> <span class='ocrx_word' id='word_1_337' title='bbox 1595 2217 1849 2262; x_wconf 88' lang='lat' dir='ltr'>universam</span> <span class='ocrx_word' id='word_1_338' title='bbox 1881 2215 2166 2262; x_wconf 87' lang='lat' dir='ltr'>christianam</span> <span class='ocrx_word' id='word_1_339' title='bbox 2192 2218 2362 2265; x_wconf 92' lang='lat' dir='ltr'>doctri-</span> 
     </span>
     <span class='ocr_line' id='line_1_54' title="bbox 1248 2305 2360 2367; baseline 0.005 -20"><span class='ocrx_word' id='word_1_340' title='bbox 1248 2317 1349 2347; x_wconf 91' lang='lat' dir='ltr'>nam</span> <span class='ocrx_word' id='word_1_341' title='bbox 1386 2317 1539 2349; x_wconf 91' lang='lat' dir='ltr'>eorum</span> <span class='ocrx_word' id='word_1_342' title='bbox 1577 2305 1747 2350; x_wconf 91' lang='lat' dir='ltr'>ambitu</span> <span class='ocrx_word' id='word_1_343' title='bbox 1780 2306 2117 2367; x_wconf 90' lang='lat' dir='ltr'>concludebant,</span> <span class='ocrx_word' id='word_1_344' title='bbox 2154 2321 2267 2366; x_wconf 92' lang='lat' dir='ltr'>quae</span> <span class='ocrx_word' id='word_1_345' title='bbox 2291 2309 2360 2354; x_wconf 91' lang='lat' dir='ltr'>di-</span> 
     </span>
     <span class='ocr_line' id='line_1_55' title="bbox 1248 2393 2360 2454; baseline 0.004 -16"><span class='ocrx_word' id='word_1_346' title='bbox 1248 2393 1364 2438; x_wconf 86' lang='lat' dir='ltr'>vinis</span> <span class='ocrx_word' id='word_1_347' title='bbox 1388 2393 1547 2438; x_wconf 84' lang='lat' dir='ltr'>litteris</span> <span class='ocrx_word' id='word_1_348' title='bbox 1573 2394 1836 2452; x_wconf 89' lang='lat' dir='ltr'>consignata</span> <span class='ocrx_word' id='word_1_349' title='bbox 1863 2395 2081 2454; x_wconf 90' lang='lat' dir='ltr'>leguntur.</span> <span class='ocrx_word' id='word_1_350' title='bbox 2131 2396 2190 2442; x_wconf 92' lang='lat' dir='ltr'>Ut</span> <span class='ocrx_word' id='word_1_351' title='bbox 2214 2401 2360 2442; x_wconf 89' lang='lat' dir='ltr'>autem</span> 
     </span>
     <span class='ocr_line' id='line_1_56' title="bbox 1249 2476 2359 2542; baseline 0.005 -16"><span class='ocrx_word' id='word_1_352' title='bbox 1249 2476 1531 2542; x_wconf 77' lang='grc' dir='ltr'><em>ἐξηγητικαῖς</em></span> <span class='ocrx_word' id='word_1_353' title='bbox 1588 2483 1919 2529; x_wconf 88' lang='lat' dir='ltr'>Traditionibus</span> <span class='ocrx_word' id='word_1_354' title='bbox 1983 2485 2147 2531; x_wconf 91' lang='lat' dir='ltr'>acriori</span> <span class='ocrx_word' id='word_1_355' title='bbox 2210 2486 2359 2531; x_wconf 92' lang='lat' dir='ltr'>studio</span> 
     </span>
     <span class='ocr_line' id='line_1_57' title="bbox 1248 2571 2360 2633; baseline 0.004 -18"><span class='ocrx_word' id='word_1_356' title='bbox 1248 2571 1574 2631; x_wconf 87' lang='lat' dir='ltr'>prospicerent,</span> <span class='ocrx_word' id='word_1_357' title='bbox 1607 2572 1762 2617; x_wconf 90' lang='lat' dir='ltr'>referri</span> <span class='ocrx_word' id='word_1_358' title='bbox 1798 2573 1842 2617; x_wconf 90' lang='lat' dir='ltr'>in</span> <span class='ocrx_word' id='word_1_359' title='bbox 1878 2574 2074 2633; x_wconf 90' lang='lat' dir='ltr'>acceptis</span> <span class='ocrx_word' id='word_1_360' title='bbox 2112 2574 2245 2620; x_wconf 90' lang='lat' dir='ltr'>debet</span> <span class='ocrx_word' id='word_1_361' title='bbox 2280 2588 2360 2620; x_wconf 88' lang='lat' dir='ltr'>eo-</span> 
     </span>
     <span class='ocr_line' id='line_1_58' title="bbox 1249 2647 2359 2721; baseline 0.005 -18"><span class='ocrx_word' id='word_1_362' title='bbox 1249 2647 1448 2704; x_wconf 68' lang='lat' dir='ltr'>r&#39;umdem</span> <span class='ocrx_word' id='word_1_363' title='bbox 1482 2661 1737 2721; x_wconf 86' lang='lat' dir='ltr'>temeritati,</span> <span class='ocrx_word' id='word_1_364' title='bbox 1774 2675 1859 2720; x_wconf 91' lang='lat' dir='ltr'>qua</span> <span class='ocrx_word' id='word_1_365' title='bbox 1882 2663 2158 2720; x_wconf 90' lang='lat' dir='ltr'>singulorum</span> <span class='ocrx_word' id='word_1_366' title='bbox 2183 2664 2359 2709; x_wconf 90' lang='lat' dir='ltr'>libidini</span> 
     </span>
     <span class='ocr_line' id='line_1_59' title="bbox 1250 2749 2359 2810; baseline 0.007 -19"><span class='ocrx_word' id='word_1_367' title='bbox 1250 2749 1574 2794; x_wconf 87' lang='lat' dir='ltr'>enarrationem</span> <span class='ocrx_word' id='word_1_368' title='bbox 1609 2749 1849 2795; x_wconf 90' lang='lat' dir='ltr'>bibliorum</span> <span class='ocrx_word' id='word_1_369' title='bbox 1884 2753 2192 2810; x_wconf 89' lang='lat' dir='ltr'>permiserunt.</span> <span class='ocrx_word' id='word_1_370' title='bbox 2247 2753 2359 2803; x_wconf 91' lang='lat' dir='ltr'>Cura</span> 
     </span>
     <span class='ocr_line' id='line_1_60' title="bbox 1250 2837 2360 2903; baseline 0.006 -23"><span class='ocrx_word' id='word_1_371' title='bbox 1250 2849 1385 2897; x_wconf 89' lang='lat' dir='ltr'>ergo,</span> <span class='ocrx_word' id='word_1_372' title='bbox 1438 2851 1493 2881; x_wconf 92' lang='lat' dir='ltr'>ne</span> <span class='ocrx_word' id='word_1_373' title='bbox 1539 2837 1737 2896; x_wconf 89' lang='lat' dir='ltr'>depositi</span> <span class='ocrx_word' id='word_1_374' title='bbox 1785 2839 2046 2903; x_wconf 90' lang='lat' dir='ltr'>integritas,</span> <span class='ocrx_word' id='word_1_375' title='bbox 2098 2842 2360 2902; x_wconf 90' lang='lat' dir='ltr'>sinceraque</span> 
     </span>
     <span class='ocr_line' id='line_1_61' title="bbox 1250 2924 2360 2993; baseline 0.009 -26"><span class='ocrx_word' id='word_1_376' title='bbox 1250 2924 1490 2970; x_wconf 90' lang='lat' dir='ltr'>bibliorum</span> <span class='ocrx_word' id='word_1_377' title='bbox 1525 2926 1833 2985; x_wconf 84' lang='lat' dir='ltr'>interpretatio</span> <span class='ocrx_word' id='word_1_378' title='bbox 1879 2934 2229 2993; x_wconf 89' lang='lat' dir='ltr'>perverteretur,</span> <span class='ocrx_word' id='word_1_379' title='bbox 2278 2931 2360 2977; x_wconf 87' lang='lat' dir='ltr'>sti-</span> 
     </span>
     <span class='ocr_line' id='line_1_62' title="bbox 1251 3013 2359 3079; baseline 0.008 -22"><span class='ocrx_word' id='word_1_380' title='bbox 1251 3013 1392 3058; x_wconf 91' lang='lat' dir='ltr'>mulos</span> <span class='ocrx_word' id='word_1_381' title='bbox 1429 3014 1665 3059; x_wconf 90' lang='lat' dir='ltr'>catholicis</span> <span class='ocrx_word' id='word_1_382' title='bbox 1702 3017 1889 3079; x_wconf 89' lang='lat' dir='ltr'>adiecit,</span> <span class='ocrx_word' id='word_1_383' title='bbox 1927 3022 1976 3063; x_wconf 92' lang='lat' dir='ltr'>ut</span> <span class='ocrx_word' id='word_1_384' title='bbox 1999 3020 2148 3065; x_wconf 91' lang='lat' dir='ltr'>omnia</span> <span class='ocrx_word' id='word_1_385' title='bbox 2174 3020 2359 3066; x_wconf 91' lang='lat' dir='ltr'>adhibe-</span> 
     </span>
     <span class='ocr_line' id='line_1_63' title="bbox 1249 3104 2358 3169; baseline 0.009 -23"><span class='ocrx_word' id='word_1_386' title='bbox 1249 3107 1360 3162; x_wconf 90' lang='lat' dir='ltr'>rent,</span> <span class='ocrx_word' id='word_1_387' title='bbox 1397 3116 1508 3161; x_wconf 92' lang='lat' dir='ltr'>quae</span> <span class='ocrx_word' id='word_1_388' title='bbox 1531 3104 1588 3149; x_wconf 90' lang='lat' dir='ltr'>ad</span> <span class='ocrx_word' id='word_1_389' title='bbox 1609 3109 1840 3165; x_wconf 89' lang='lat' dir='ltr'>utramque</span> <span class='ocrx_word' id='word_1_390' title='bbox 1864 3107 2137 3153; x_wconf 90' lang='lat' dir='ltr'>Traditionis</span> <span class='ocrx_word' id='word_1_391' title='bbox 2164 3111 2358 3169; x_wconf 89' lang='lat' dir='ltr'>speciem</span> 
     </span>
     <span class='ocr_line' id='line_1_64' title="bbox 1250 3191 2249 3254; baseline 0.01 -20"><span class='ocrx_word' id='word_1_392' title='bbox 1250 3191 1473 3236; x_wconf 87' lang='lat' dir='ltr'>tutandam</span> <span class='ocrx_word' id='word_1_393' title='bbox 1510 3193 1712 3239; x_wconf 91' lang='lat' dir='ltr'>conferre</span> <span class='ocrx_word' id='word_1_394' title='bbox 1745 3205 1880 3254; x_wconf 91' lang='lat' dir='ltr'>posse</span> <span class='ocrx_word' id='word_1_395' title='bbox 1916 3196 2249 3243; x_wconf 89' lang='lat' dir='ltr'>arbitrarentur.</span> 
     </span>
    </p>
   </div>
   <div class='ocr_carea' id='block_1_9' title="bbox 1247 3299 2360 4154">
    <p class='ocr_par' dir='ltr' id='par_1_9' title="bbox 1247 3299 2360 4154">
     <span class='ocr_line' id='line_1_65' title="bbox 1347 3299 2359 3369; baseline 0.01 -24"><span class='ocrx_word' id='word_1_396' title='bbox 1347 3299 1512 3353; x_wconf 88' lang='lat' dir='ltr'>Verum</span> <span class='ocrx_word' id='word_1_397' title='bbox 1547 3302 1627 3348; x_wconf 92' lang='lat' dir='ltr'>VI.</span> <span class='ocrx_word' id='word_1_398' title='bbox 1661 3304 1701 3348; x_wconf 91' lang='lat' dir='ltr'>si</span> <span class='ocrx_word' id='word_1_399' title='bbox 1736 3304 1800 3349; x_wconf 91' lang='lat' dir='ltr'>ita</span> <span class='ocrx_word' id='word_1_400' title='bbox 1834 3318 1884 3351; x_wconf 90' lang='lat' dir='ltr'>se</span> <span class='ocrx_word' id='word_1_401' title='bbox 1927 3321 1999 3352; x_wconf 88' lang='lat' dir='ltr'>res</span> <span class='ocrx_word' id='word_1_402' title='bbox 2043 3308 2203 3369; x_wconf 88' lang='lat' dir='ltr'>habet,</span> <span class='ocrx_word' id='word_1_403' title='bbox 2253 3322 2359 3355; x_wconf 92' lang='lat' dir='ltr'>con-</span> 
     </span>
     <span class='ocr_line' id='line_1_66' title="bbox 1248 3392 2359 3459; baseline 0.01 -27"><span class='ocrx_word' id='word_1_404' title='bbox 1248 3393 1504 3434; x_wconf 90' lang='lat' dir='ltr'>sentaneum</span> <span class='ocrx_word' id='word_1_405' title='bbox 1547 3404 1648 3436; x_wconf 90' lang='lat' dir='ltr'>esse</span> <span class='ocrx_word' id='word_1_406' title='bbox 1689 3393 1888 3455; x_wconf 87' lang='lat' dir='ltr'>videtur,</span> <span class='ocrx_word' id='word_1_407' title='bbox 1938 3395 2212 3442; x_wconf 88' lang='lat' dir='ltr'>Traditionis</span> <span class='ocrx_word' id='word_1_408' title='bbox 2259 3392 2359 3459; x_wconf 78' lang='grc' dir='ltr'><em>ἐξη-</em></span> 
     </span>
     <span class='ocr_line' id='line_1_67' title="bbox 1247 3473 2359 3542; baseline 0.01 -20"><span class='ocrx_word' id='word_1_409' title='bbox 1247 3473 1428 3537; x_wconf 83' lang='grc' dir='ltr'><em>γητικῆς</em></span> <span class='ocrx_word' id='word_1_410' title='bbox 1460 3479 1567 3540; x_wconf 86' lang='lat' dir='ltr'>vim,</span> <span class='ocrx_word' id='word_1_411' title='bbox 1606 3482 2004 3542; x_wconf 86' lang='lat' dir='ltr'>auctoritatemque</span> <span class='ocrx_word' id='word_1_412' title='bbox 2032 3499 2056 3529; x_wconf 92' lang='lat' dir='ltr'>e</span> <span class='ocrx_word' id='word_1_413' title='bbox 2088 3485 2241 3531; x_wconf 91' lang='lat' dir='ltr'>bibliis</span> <span class='ocrx_word' id='word_1_414' title='bbox 2275 3489 2359 3533; x_wconf 90' lang='lat' dir='ltr'>mi-</span> 
     </span>
     <span class='ocr_line' id='line_1_68' title="bbox 1247 3566 2358 3634; baseline 0.01 -24"><span class='ocrx_word' id='word_1_415' title='bbox 1247 3566 1365 3612; x_wconf 91' lang='lat' dir='ltr'>nime</span> <span class='ocrx_word' id='word_1_416' title='bbox 1397 3568 1617 3631; x_wconf 75' lang='lat' dir='ltr'>pendere3</span> <span class='ocrx_word' id='word_1_417' title='bbox 1663 3570 1913 3617; x_wconf 88' lang='lat' dir='ltr'>refellendis</span> <span class='ocrx_word' id='word_1_418' title='bbox 1948 3585 2079 3634; x_wconf 84' lang='lat' dir='ltr'>verO,</span> <span class='ocrx_word' id='word_1_419' title='bbox 2116 3574 2358 3633; x_wconf 88' lang='lat' dir='ltr'>profligan-</span> 
     </span>
     <span class='ocr_line' id='line_1_69' title="bbox 1248 3654 2360 3716; baseline 0.011 -18"><span class='ocrx_word' id='word_1_420' title='bbox 1248 3654 1404 3714; x_wconf 92' lang='lat' dir='ltr'>disque</span> <span class='ocrx_word' id='word_1_421' title='bbox 1462 3659 1765 3716; x_wconf 86' lang='lat' dir='ltr'>praeposteris</span> <span class='ocrx_word' id='word_1_422' title='bbox 1820 3665 2085 3706; x_wconf 88' lang='lat' dir='ltr'>novatorum</span> <span class='ocrx_word' id='word_1_423' title='bbox 2136 3676 2360 3710; x_wconf 89' lang='lat' dir='ltr'>commen-</span> 
     </span>
     <span class='ocr_line' id='line_1_70' title="bbox 1248 3744 2356 3807; baseline 0.011 -20"><span class='ocrx_word' id='word_1_424' title='bbox 1248 3744 1373 3788; x_wconf 91' lang='lat' dir='ltr'>tariis</span> <span class='ocrx_word' id='word_1_425' title='bbox 1417 3749 1489 3789; x_wconf 87' lang='lat' dir='ltr'>sat</span> <span class='ocrx_word' id='word_1_426' title='bbox 1530 3758 1655 3807; x_wconf 89' lang='lat' dir='ltr'>esse,</span> <span class='ocrx_word' id='word_1_427' title='bbox 1708 3746 1771 3806; x_wconf 56' lang='lat' dir='ltr'>si⁴</span> <span class='ocrx_word' id='word_1_428' title='bbox 1798 3754 1951 3794; x_wconf 87' lang='lat' dir='ltr'>contra</span> <span class='ocrx_word' id='word_1_429' title='bbox 2005 3749 2106 3796; x_wconf 91' lang='lat' dir='ltr'>illos</span> <span class='ocrx_word' id='word_1_430' title='bbox 2158 3753 2356 3799; x_wconf 89' lang='lat' dir='ltr'>eiusdem</span> 
     </span>
     <span class='ocr_line' id='line_1_71' title="bbox 1250 3830 2358 3896; baseline 0.011 -21"><span class='ocrx_word' id='word_1_431' title='bbox 1250 3830 1519 3877; x_wconf 87' lang='lat' dir='ltr'>Traditionis</span> <span class='ocrx_word' id='word_1_432' title='bbox 1567 3834 1832 3880; x_wconf 88' lang='lat' dir='ltr'>auctoritate</span> <span class='ocrx_word' id='word_1_433' title='bbox 1866 3839 2208 3896; x_wconf 87' lang='lat' dir='ltr'>praescribatur.</span> <span class='ocrx_word' id='word_1_434' title='bbox 2279 3841 2358 3887; x_wconf 92' lang='lat' dir='ltr'>Cui</span> 
     </span>
     <span class='ocr_line' id='line_1_72' title="bbox 1249 3921 2353 3991; baseline 0.011 -28"><span class='ocrx_word' id='word_1_435' title='bbox 1249 3921 1590 3980; x_wconf 89' lang='lat' dir='ltr'>consequutioni</span> <span class='ocrx_word' id='word_1_436' title='bbox 1625 3922 1720 3967; x_wconf 90' lang='lat' dir='ltr'>Vll.</span> <span class='ocrx_word' id='word_1_437' title='bbox 1766 3938 1823 3969; x_wconf 91' lang='lat' dir='ltr'>ne</span> <span class='ocrx_word' id='word_1_438' title='bbox 1867 3926 2080 3972; x_wconf 89' lang='lat' dir='ltr'>calculum</span> <span class='ocrx_word' id='word_1_439' title='bbox 2123 3929 2353 3991; x_wconf 90' lang='lat' dir='ltr'>adiiciam,</span> 
     </span>
     <span class='ocr_line' id='line_1_73' title="bbox 1247 4010 2355 4076; baseline 0.011 -25"><span class='ocrx_word' id='word_1_440' title='bbox 1247 4020 1335 4052; x_wconf 89' lang='lat' dir='ltr'>non</span> <span class='ocrx_word' id='word_1_441' title='bbox 1360 4010 1647 4055; x_wconf 81' lang='lat' dir='ltr'>auctoritate</span> <span class='ocrx_word' id='word_1_442' title='bbox 1702 4013 1873 4074; x_wconf 89' lang='lat' dir='ltr'>minus,</span> <span class='ocrx_word' id='word_1_443' title='bbox 1927 4028 2057 4073; x_wconf 91' lang='lat' dir='ltr'>quam</span> <span class='ocrx_word' id='word_1_444' title='bbox 2111 4018 2355 4076; x_wconf 90' lang='lat' dir='ltr'>perspicuis</span> 
     </span>
     <span class='ocr_line' id='line_1_74' title="bbox 1249 4096 1973 4154; baseline 0.011 -14"><span class='ocrx_word' id='word_1_445' title='bbox 1249 4096 1410 4154; x_wconf 89' lang='lat' dir='ltr'>adigor</span> <span class='ocrx_word' id='word_1_446' title='bbox 1454 4097 1671 4145; x_wconf 89' lang='lat' dir='ltr'>rationum</span> <span class='ocrx_word' id='word_1_447' title='bbox 1723 4103 1973 4148; x_wconf 90' lang='lat' dir='ltr'>momentis.</span> 
     </span>
    </p>
   </div>
   <div class='ocr_carea' id='block_1_10' title="bbox 1961 4192 1998 4251">
    <p class='ocr_par' dir='ltr' id='par_1_10' title="bbox 1961 4192 1998 4251">
     <span class='ocr_line' id='line_1_75' title="bbox 1961 4192 1998 4251; baseline 0 0"><span class='ocrx_word' id='word_1_448' title='bbox 1961 4192 1998 4251; x_wconf 85' lang='lat'>2</span> 
     </span>
    </p>
   </div>
   <div class='ocr_carea' id='block_1_11' title="bbox 2052 4102 2355 4152">
    <p class='ocr_par' dir='ltr' id='par_1_11' title="bbox 2052 4102 2355 4152">
     <span class='ocr_line' id='line_1_76' title="bbox 2052 4102 2355 4152; baseline 0.01 -3"><span class='ocrx_word' id='word_1_449' title='bbox 2052 4102 2193 4150; x_wconf 88' lang='lat' dir='ltr'>Nemo</span> <span class='ocrx_word' id='word_1_450' title='bbox 2239 4107 2355 4152; x_wconf 90' lang='lat' dir='ltr'>enim</span> 
     </span>
    </p>
   </div>
  </div>
 </body>
</html>
