2574 4276
200 130 303 180 360
1023 119 1244 173 LIBER
1317 119 1709 176 SECUNDUS

202 270 331 322 fama
366 283 485 336 prae
534 265 712 318 ceteris
758 262 1050 314 inclaruere.
1124 260 1185 313 Et
1230 262 1522 314 incredibile
1571 277 1691 315 sane
1737 264 1894 319 videri
1941 265 2114 334 debet,
2170 267 2368 320 inanem
2421 278 2536 321 esse

203 363 527 427 fallacemque
564 355 1014 422 interpretationem
1050 353 1346 419 bibliorum,
1396 370 1543 420 quam
1579 361 1772 422 patreS,
1812 357 2233 426 ecclesiasticique
2271 360 2535 427 scriptores

205 459 386 520 qveavz's
424 455 606 510 aetate,
644 445 833 511 ubique
869 451 1147 508 terrarum,
1187 463 1387 497 summo
1411 464 1700 510 consensu„
1721 465 1783 497 ac
1812 455 2011 500 nemine
2045 449 2349 519 refraqante
2385 451 2536 519 adop-

204 546 361 598 tarint.
433 541 609 606 Neque
648 539 808 588 minus
845 536 1136 588 incredibile
1184 537 1342 589 videri
1380 537 1527 589 debet
1562 539 1769 606 reperiri
1805 541 2081 607 quempiam
2116 557 2280 610 posse,
2322 544 2404 611 qui
2441 543 2534 597 sibi

204 650 425 701 eousque
461 631 751 695 blandiatur,
794 634 1185 695 assenteturque,
1220 636 1273 681 ut
1308 630 1592 682 testimonio
1628 637 1678 683 et
1714 633 2043 684 consensione
2081 633 2374 687 christianae
2411 635 2534 689 anti-

206 727 398 795 quitatis
434 739 535 775 non
567 722 893 774 vehementer
930 726 1318 772 commoveatur.
2136 777 2138 779 ‚
2336 793 2345 798 ς

381 815 730 883 Inquirendum
768 815 917 883 igitur
953 819 1194 880 superest,
1231 830 1292 865 an
1320 814 1381 866 de
1417 813 1579 882 Petr0,
1615 814 1778 882 deque
1817 815 2173 883 scripturarum
2206 818 2417 871 textibus
2455 820 2537 888 qui

203 911 265 964 ad
299 925 413 962 eum
447 908 756 974 referuntur,
809 921 949 958 suam
983 906 1311 972 prompserint
1345 907 1639 958 sententiam
1667 906 1857 975 PatreS,
1895 899 2125 976 illamque
2161 914 2431 962 unanimes
2453 910 2539 963 de-

203 1003 446 1054 clararint.
523 999 622 1054 Sed
672 1016 731 1052 ea
780 998 1150 1066 praemisimuS,
1207 1014 1366 1065 eaque
1418 998 1685 1050 identidem
1729 1001 2101 1052 interseruimus
2150 1016 2276 1068 quae
2325 1002 2538 1055 funditus

202 1094 591 1147 controversiam
630 1080 885 1158 dirimunt,
922 1091 1295 1158 luculenterque
1333 1090 1701 1158 demonstrant,
1740 1093 1798 1144 iis
1837 1093 2061 1145 omnibus
2097 1093 2368 1161 placuisse,
2405 1095 2536 1162 quod

203 1202 414 1255 magnus
441 1185 712 1253 Gregorius
734 1185 780 1211 ⁹⁵
809 1183 886 1235 his
911 1183 1055 1251 plane
1081 1182 1247 1234 verbis
1286 1183 1574 1251 complexus
1612 1191 1712 1236 est:
1752 1185 1983 1251 „Cunctis
2023 1187 2337 1255 evangelium
2375 1189 2536 1240 scien-

202 1281 331 1332 tibus
370 1280 538 1346 liquet,
580 1277 711 1344 quod
749 1291 876 1328 voce
914 1275 1159 1328 dominica
1198 1282 1370 1328 sancto
1407 1282 1458 1329 et
1493 1283 1715 1329 omnium
1753 1276 2102 1343 apostolorum
2130 1284 2353 1346 principi
2375 1277 2539 1332 Petro

205 1370 435 1439 apostolo
483 1376 638 1421 totius
679 1367 927 1421 ecclesiae
963 1386 1092 1420 cura
1128 1374 1403 1421 commissa
1437 1375 1528 1421 est.
1600 1369 1696 1436 Ipsi
1735 1371 1912 1438 quippe
1952 1371 2154 1435 dicitur,
2192 1369 2357 1424 Petre
2390 1390 2539 1425 amas

204 1467 333 1518 me?
364 1481 525 1530 pasce
564 1479 682 1514 oues
718 1479 879 1513 meas,
950 1461 1048 1528 lpsi
1085 1461 1281 1525 dicitur,
1330 1478 1444 1512 ecce
1479 1468 1700 1513 satanas
1749 1468 1963 1528 empetiit
2007 1461 2240 1529 cribrare
2274 1481 2365 1516 vos
2399 1470 2539 1517 sicut

208 1563 434 1611 triticum
444 1578 460 1619 ‚-
510 1561 558 1606 et
595 1571 686 1624 eqo
713 1570 809 1619 pro
834 1559 883 1604 te
917 1558 1096 1622 roqavi
1115 1551 1288 1617 Petre,
1329 1559 1512 1605 utnon
1550 1552 1757 1621 deficiat
1772 1553 1912 1622 fides
1951 1563 2057 1620 tua,
2097 1562 2147 1608 et
2171 1563 2228 1609 tu
2256 1555 2538 1622 aliquando

206 1666 485 1703 conversus
523 1645 777 1714 confirma
800 1644 1011 1715 fratres
1065 1652 1198 1697 tuos.
1273 1645 1372 1713 Ipsi
1420 1645 1615 1710 dicitur,
1680 1653 1739 1699 tu
1775 1665 1830 1698 es
1870 1646 2090 1712 Petrus,
2131 1654 2179 1700 et
2216 1666 2373 1715 super
2407 1647 2539 1701 hanc

201 1750 406 1809 petram
441 1736 730 1807 aedificabo
765 1736 1034 1790 ecclesiam
1070 1755 1236 1789 meam
1255 1777 1425 1788 .....
1503 1737 1635 1790 Ecce
1675 1738 1840 1792 claves
1877 1742 2023 1809 regni
2060 1740 2292 1794 coelestis
2330 1743 2536 1809 accepit,

205 1840 423 1904 potest-as
462 1833 510 1884 ei
547 1831 734 1900 ligandi
781 1837 928 1899 atque
976 1831 1202 1883 solvendi
1235 1830 1488 1898 tribuitur,
1540 1847 1656 1883 cura
1696 1832 1742 1883 ei
1777 1834 1925 1886 totius
1963 1833 2238 1901 ecclesiae,
2279 1841 2328 1886 et
2362 1835 2539 1903 princi-

206 1934 345 1996 patus
383 1924 752 1978 committitur.“

207 2121 269 2154 ss.
304 2106 481 2151 Patrum
517 2109 566 2150 ut
601 2107 646 2148 et
681 2102 1018 2148 Haereticorum
1054 2102 1195 2148 seculi
1230 2087 1336 2162 post

209 2195 432 2242 Christum
466 2198 643 2253 natum,
681 2192 715 2236 Ι.
750 2191 805 2237 ΙΙ.
843 2196 889 2236 et
924 2191 999 2237 III.
1319 2225 1322 2228 .

315 2283 390 2346 ⁹⁵)
458 2282 553 2328 Lib.
589 2282 645 2327 V.
700 2281 833 2340 epist.
881 2280 977 2326 XX.
1004 2331 1008 2335 ,
1033 2280 1087 2325 al.
1140 2279 1218 2325 lib.
1256 2280 1332 2326 IV.

209 2375 340 2434 epist.
376 2371 556 2419 XXXII.
639 2370 724 2426 Qui
758 2370 878 2429 hom.
915 2369 992 2415 VI.
1028 2369 1074 2414 in
1108 2369 1332 2415 Ezechiel.

208 2478 251 2509 n.
275 2463 321 2508 9.
359 2462 415 2508 de
449 2462 582 2507 Petro
620 2464 877 2519 comparate
916 2459 972 2504 ad
1007 2458 1187 2504 Paulum
1223 2459 1334 2504 scri-

208 2552 299 2598 bit:

211 2641 293 2701 dit,
332 2645 464 2699 atque
499 2641 544 2685 in
580 2639 735 2685 eadem
771 2652 821 2684 re
856 2639 1001 2684 factus
1037 2644 1107 2684 est
1137 2643 1336 2685 sectator

369 2550 464 2612 „Se
500 2550 661 2595 minori
696 2549 825 2595 fratri
862 2549 918 2595 ad
953 2561 1220 2594 consensum
1257 2549 1336 2595 de-

212 2731 397 2775 minoris
434 2728 519 2788 sui,
556 2733 604 2773 ut
631 2728 773 2792 'etiam
797 2729 842 2774 in
866 2728 954 2773 hoc
976 2729 1192 2790 praeiret,
1229 2742 1335 2788 qua-

209 2824 337 2865 tenus
384 2819 458 2877 qui
500 2818 669 2877 primus
715 2823 812 2863 erat
847 2819 891 2863 in
929 2818 1207 2878 apostolatus
1244 2818 1336 2864 cul-

211 2910 351 2968 mine,
390 2912 511 2952 esset
543 2907 714 2967 primus
751 2912 796 2952 et
830 2908 872 2952 in
909 2908 1170 2954 bumilitate.
1238 2908 1335 2954 Non

212 2998 269 3043 ad
317 2997 579 3042 memoriam
631 3002 841 3056 revocat,
902 2997 1021 3056 quod
1074 2997 1243 3057 primus
1290 2997 1335 3043 in

212 3086 514 3146 apostolatum
557 3090 744 3132 vocatus
779 3085 861 3145 sit,
905 3099 994 3131 non
1030 3086 1150 3144 quod
1187 3086 1335 3132 claves

210 3177 339 3233 regni
374 3175 581 3220 caelestis
608 3172 888 3234 ,acceperitf‘
939 3175 1091 3234 Neque
1129 3175 1257 3221 aliter
1290 3177 1335 3221 in

213 3265 389 3310 decimo
436 3264 551 3309 libro
597 3264 652 3309 de
705 3263 858 3310 Trium
896 3264 1213 3324 Capitulorum
1258 3265 1336 3311 de-

210 3354 414 3399 fensione
448 3353 677 3400 Facundus
711 3353 1059 3414 hermianensis,
1105 3354 1334 3414 inquiens:

1419 2099 1705 2163 „Aliquando
1730 2102 1886 2148 Petrus
1918 2104 2224 2164 apostolorum
2259 2104 2443 2169 primuS,
2478 2107 2541 2152 si-

1421 2196 1494 2236 cut
1529 2192 1618 2237 iam
1655 2192 1865 2254 diximus,
1902 2195 2196 2253 reprehensus
2231 2209 2256 2240 a
2291 2194 2425 2240 Paulo
2462 2197 2542 2242 mi-

1418 2278 1540 2325 nimo
1577 2281 1908 2344 apostolorum,
1953 2295 2042 2327 non
2078 2282 2262 2343 indigne
2296 2283 2421 2346 tulit,
2456 2298 2539 2330 nec

1418 2381 1500 2429 pro
1547 2370 1615 2414 sui
1661 2370 1877 2432 primatus
1925 2371 2069 2430 gloria
2116 2374 2396 2419 resistentem
2450 2374 2539 2420 sibi

1377 2470 1379 2473 ’
1420 2456 1675 2519 despexit.“

1521 2636 1638 2693 Quid
1683 2642 1829 2683 autem
1873 2637 1963 2684 sibi
2004 2638 2115 2684 velit
2152 2637 2367 2700 formula,
2417 2652 2537 2699 apo-

1419 2727 1640 2774 stolorum
1668 2728 1873 2788 primus,
1921 2731 1967 2772 et
2001 2732 2234 2773 contextus
2281 2728 2537 2788 ostendunt,

1421 2822 1467 2862 et
1501 2816 1767 2863 luculentius
1803 2816 2003 2863 declarat
2036 2815 2278 2875 Gregorius
2312 2817 2389 2863 lib.
2421 2817 2538 2864 XIII.

1419 2906 1551 2967 epist.
1573 2906 1796 2953 XXXVII.
1835 2907 1890 2952 ad
1911 2906 2157 2952 Johannem
2180 2907 2534 2965 panormitanum

1419 2996 1648 3042 scribens:
1683 2995 1826 3058 „Illud
1850 2996 2152 3056 admonemuS‚
2189 3000 2238 3040 ut
2262 2996 2537 3055 apostolicae

1420 3086 1541 3131 sedis
1576 3086 1827 3131 reverentia
1861 3084 2020 3130 nullius
2055 3085 2419 3144 praesumptione
2447 3089 2537 3129 tur-

1419 3176 1576 3236 betur3
1620 3180 1726 3220 tunc
1759 3174 1876 3231 enim
1909 3180 2052 3220 status
2085 3173 2388 3220 membrorum
2424 3173 2537 3219 inte-

1420 3278 1502 3323 ger
1536 3269 1707 3325 manet‚
1744 3265 1784 3309 si
1819 3269 1958 3325 caput
1987 3263 2104 3321 fidei
2138 3263 2254 3308 nulla
2288 3263 2435 3323 pulsat
2469 3263 2537 3308 in-

1418 3351 1582 3399 iuria.“
