2574 4276
1077 173 1316 228 CAPUT
1385 175 1425 224 Ι.

2298 155 2398 223 345

109 317 340 368 societate
384 313 522 366 fuere
564 315 765 382 reliquis
811 316 1107 383 insigniora,
1161 316 1371 382 postulat
1415 313 1631 367 historia
1652 317 1695 341 ³¹
1749 312 2076 377 relationum,
2133 312 2305 380 quibus
2349 314 2399 364 in

106 406 368 458 maioribus
410 406 524 457 fidei
570 409 754 458 caussis
805 414 852 458 et
900 408 961 458 ad
1004 408 1235 458 unitatem
1285 408 1570 458 catholicam
1615 406 1967 474 pertinentibus
2003 406 2129 456 Petri
2174 403 2415 456 cathe'dra'

105 496 225 547 adiri
273 497 556 563 consuevit,
604 498 814 563 postulat
856 495 1070 548 historia
1094 500 1138 524 ³²
1183 498 1599 563 appellationum,
1631 513 1847 566 ,quarum
1896 512 2100 548 numero
2147 496 2400 563 plurimae,

109 602 299 655 eaeque
341 587 750 639 luculentissimae
790 595 1028 655 prostant·

1017 630 1030 656 ,
1082 589 1290 655 postulat
1325 587 1540 640 historia
1563 591 1608 615 ³³
1649 587 2024 639 ecclesiasticae
2071 586 2400 652 hierarchiae,

106 692 373 745 eorumque
419 681 619 744 iurium,
670 680 842 746 quibus
889 680 1069 745 aliquot
1114 695 1234 745 prae
1277 680 1477 746 reliquis
1516 679 1819 746 episcopales
1863 679 2009 730 sedes
2047 671 2402 744 excelluerunt3

101 769 311 835 postulat
346 768 560 821 historia
581 773 626 797 ³⁴
661 776 973 838 p1·0paqatae
1008 768 1173 820 ubiuis
1210 769 1521 822 christianae
1554 770 1837 839 reliqionis‚
1874 770 2081 837 postulat
2116 768 2329 821 historia
2351 770 2399 796 ³⁵

107 877 282 911 eoram
317 868 600 929 simiorum,
653 862 826 928 quibus
876 861 1113 912 catholica
1147 863 1304 913 unitas
1350 861 1645 913 formabatur
1691 868 1835 928 atque
1871 861 2148 928 constabat;
2194 860 2404 928 postulat

98 950 317 1003 historia
352 951 664 1003 christianae
686 954 732 979 ³⁶
771 951 1183 1020 archaeoloqtae,
1236 954 1624 1019 inscriptionum,
1674 953 1993 1018 picturarum,
2026 943 2403 1019 ceterorumque

106 1045 541 1108 monimentorum,
586 1042 795 1108 postulat
828 1041 1042 1094 historia
1067 1045 1112 1069 ³⁷
1153 1050 1513 1108 imperatorum
1531 1082 1543 1105 ,
1581 1048 1654 1107 et,
1691 1043 1971 1094 neinfinita
2003 1045 2063 1094 sit
2100 1044 2278 1109 oratic,
2316 1057 2403 1109 po-

216 1277 292 1338 ³¹)
326 1276 385 1322 Ut
418 1276 534 1321 enim
558 1275 718 1320 Avitus
753 1244 1057 1320 viennensium
1090 1289 1219 1334 prae-

113 1366 179 1410 sul
224 1366 354 1424 epist.
381 1363 581 1408 XXXVI.
626 1365 818 1417 monuit:
887 1363 1219 1423 „Synodalibus

112 1453 288 1511 legibus
337 1456 510 1496 cautum
548 1456 643 1510 est,
691 1456 738 1495 ut
771 1452 816 1496 in
851 1451 983 1496 rebus
1019 1465 1129 1510 quae
1165 1451 1220 1496 ad

117 1542 335 1587 ecclesiae
370 1544 530 1587 statum
563 1541 797 1598 pertinent,
834 1540 872 1583 si
908 1540 1012 1598 quid
1048 1539 1222 1585 dubita-

115 1631 249 1675 tionis
273 1629 403 1674 fuerit
433 1633 650 1687 exortum,
688 1627 741 1672 ad
770 1641 976 1673 romanae
1007 1628 1220 1672 ecclesiae

113 1697 364 1764 anast-imum
413 1702 724 1774 sacerdotem,
794 1717 919 1774 quasi
972 1718 1035 1762 ad
1085 1724 1222 1776 caput

111 1813 338 1864 nostrum,
383 1804 584 1850 membra
616 1807 851 1865 sequentia
896 1805 1221 1850 recurramus.“

114 1896 280 1942 Eadem
338 1894 502 1939 habent
547 1893 825 1938 Innocentius
872 1895 915 1938 in
961 1894 1119 1939 litteris
1167 1894 1222 1940 ad

114 1983 375 2028 Victricium
413 1969 819 2043 rothomagensem,
857 1983 1036 2027 africani
1072 1989 1222 2042 patres

116 2074 160 2117 in
197 2071 387 2130 epistola
425 2070 479 2115 ad
512 2069 813 2130 Theodorum,
852 2085 963 2130 quae
994 2073 1038 2116 in
1073 2072 1222 2116 conci-

114 2160 177 2204 lio
225 2158 489 2203 lateranensi
536 2158 616 2202 sub
664 2159 851 2218 Martino
886 2160 918 2204 1.
964 2159 1077 2204 lecta
1124 2159 1219 2219 fuit,

116 2252 160 2292 et
192 2246 437 2291 Bernardus
485 2247 528 2291 in
573 2249 701 2306 epist.
738 2247 863 2292 CXC.
913 2248 967 2292 ad
1013 2248 1222 2292 Innocen-

116 2336 224 2380 tium
254 2335 307 2379 ΙΙ.
345 2347 444 2379 con.
480 2347 653 2379 errores
688 2334 949 2395 Abaelardi,
995 2337 1219 2394 inquiens:

115 2423 336 2483 „Oportet
377 2422 432 2467 ad
474 2428 668 2467 vestrum
713 2423 876 2477 referre
924 2424 1218 2483 apostolatum

115 2511 310 2570 pericula
361 2523 556 2568 quaeque
604 2514 648 2554 et
692 2510 896 2555 scandala
949 2514 1219 2571 emergentia

115 2601 158 2644 in
193 2612 335 2657 regno
370 2598 469 2657 Dei,
512 2611 563 2642 ea
598 2599 858 2656 praesertim
894 2613 1004 2658 quae
1038 2602 1096 2647 de
1125 2602 1220 2659 fide

116 2687 406 2747 contingunt,
456 2685 636 2743 dignum
690 2699 876 2744 namque
922 2689 1112 2735 arbitror
1157 2691 1219 2735 ibi

114 2777 391 2835 potissimum
422 2774 629 2818 resarciri
666 2774 835 2820 damna
863 2777 998 2834 fidei,
1032 2778 1108 2823 ubi
1132 2790 1220 2823 non

110 2854 260 2922 possit
292 2863 402 2908 fides
438 2862 602 2907 sentire
630 2862 865 2908 defectum.
917 2865 1036 2910 Haec
1060 2867 1221 2925 quippe

115 2951 242 2996 huius
270 2951 602 3011 praeroqativa
636 2950 807 2995 sedis.“

220 3038 295 3098 ³³)
341 3038 406 3083 De
453 3039 540 3083 hoc
584 3040 702 3098 iure,
751 3039 892 3096 deque
938 3041 1067 3086 factis
1115 3042 1221 3086 illud

121 3126 511 3185 comprobantibus
546 3128 719 3185 legatur
754 3128 868 3172 Petri
898 3133 942 3172 et
965 3128 1223 3188 Hieronymi

118 3214 324 3259 Ballerini
372 3215 654 3275 dissertatio,
706 3215 778 3260 De
819 3215 983 3261 Leonis
1027 3219 1129 3263 iure
1172 3220 1223 3262 in

120 3316 263 3347 caasa
301 3302 539 3348 Cel-idonii.
597 3303 732 3348 Nobis
768 3309 836 3348 sat
871 3305 955 3348 erit
988 3306 1122 3350 verba
1157 3307 1223 3350 in-

116 3390 269 3449 primis
305 3391 470 3435 referre
494 3390 657 3435 Gelasii
682 3406 737 3436 ex
763 3392 891 3450 epist.
918 3393 992 3437 lv.
1029 3394 1083 3438 ad
1112 3395 1222 3438 Fau-

118 3484 233 3523 stum
267 3478 402 3536 legat.
439 3478 546 3522 CP.:
604 3480 726 3540 „Ipsi
762 3486 862 3525 sunt
894 3494 1112 3540 canones,
1150 3484 1222 3540 qui

118 3567 437 3626 appellationes
473 3568 609 3612 totius
645 3552 861 3614 ecclesiae
898 3570 951 3615 ad
987 3570 1114 3614 huius
1151 3583 1222 3614 se-

116 3655 188 3700 dis
224 3668 409 3699 examen
443 3655 626 3700 voluere
661 3657 837 3702 deferri.
895 3657 965 3702 Ab
991 3658 1087 3716 ipsa
1110 3670 1219 3702 vero

115 3756 326 3801 nusquam
374 3755 552 3801 prorsus
598 3745 806 3803 appellari
854 3746 1017 3791 debere
1063 3758 1221 3790 sanxe-

115 3836 240 3890 runt,
288 3844 339 3875 ac
372 3845 451 3890 per
494 3831 580 3875 hoc
626 3832 743 3877 illam
790 3834 845 3878 de
887 3838 983 3879 'tota
1031 3834 1218 3878 ecclesia

117 3918 336 3977 iudicare,
384 3918 525 3976 ipsam
560 3920 615 3964 ad
657 3921 816 3966 nullius
862 3934 1111 3966 commeare
1154 3923 1219 3967 iu-

109 4006 296 4065 dicium,
331 4018 412 4050 nec
446 4006 501 4051 de
536 4008 628 4051 eius
663 4020 865 4066 umquam
901 4015 1219 4069 praeceperunt

113 4093 278 4139 iudicio
319 4093 531 4157 iudicari,
579 4097 926 4157 sententiamque
960 4099 1078 4144 iltius
1113 4111 1220 4144 con-

1302 1276 1536 1320 stituerunt
1567 1288 1656 1320 non
1692 1282 1900 1336 oportere
1935 1276 2135 1336 dissolvi,
2171 1277 2293 1321 cuius
2323 1288 2405 1335 po-

1302 1364 1390 1408 tius
1426 1364 1603 1409 decreta
1647 1365 1868 1424 sequenda
1913 1362 2217 1409 mandarunt.“
2284 1364 2406 1435 Quae

1304 1452 1463 1497 deinde
1488 1453 1531 1497 in
1555 1465 1735 1498 romana
1759 1453 1933 1511 synodo
1957 1452 2264 1510 pronunciavit
2287 1450 2406 1509 Aga-

1304 1541 1405 1598 tho,
1453 1541 1508 1586 ad
1555 1555 1682 1599 quem
1724 1529 1956 1585 Wilfridus
2002 1539 2285 1584 eboracensis
2331 1552 2407 1582 an-

1304 1631 1430 1675 tistes
1467 1642 1543 1673 sua
1579 1629 1685 1673 sede
1719 1629 1870 1688 pulsus
1907 1628 2230 1687 appellaverat:
2277 1626 2407 1686 „Non

1305 1717 1589 1762 mediocriter
1623 1717 1842 1761 satisfecit
1877 1716 2153 1761 audientibus
2181 1711 2407 1774 petitionis

1306 1806 1471 1865 serieS,
1521 1819 1649 1864 quam
1683 1805 1916 1850 Wilfridus
1950 1804 2044 1850 Deo
2081 1804 2279 1848 amabilis
2314 1805 2408 1863 epi-

1305 1907 1468 1953 scopus
1515 1893 1675 1937 obtulit
1714 1894 1756 1937 in
1797 1894 1909 1951 hoc,
1957 1906 2088 1950 quum
2131 1906 2181 1937 se
2225 1893 2408 1951 indigne

1306 1983 1360 2027 de
1395 1980 1637 2040 episcopali
1673 1981 1779 2025 sede
1814 1981 2032 2049 deiectum
2064 1974 2274 2042 agnovit⁸3
2319 1993 2407 2025 non

1306 2070 1623 2130 contumaciter
1664 2083 1745 2127 per
1785 2070 1873 2114 vim
1921 2068 2161 2113 secularem
2207 2050 2406 2128 obstitit,

1304 2159 1384 2204 sed
1417 2158 1639 2203 humiliter
1671 2159 1864 2202 sentiens
1901 2158 2100 2202 auctoris
2121 2157 2268 2202 nostri
2289 2156 2409 2202 beati

1303 2248 1425 2294 Petri
1488 2247 1794 2307 apostolorum
1850 2246 2079 2304 principis
2135 2246 2410 2290 canonicum

1305 2336 1523 2397 empetiait
1565 2328 1841 2391 subsidium,-
1889 2339 1933 2378 et
1977 2333 2163 2393 supplici
2208 2338 2409 2392 praesto-

1303 2426 1493 2485 latione,
1542 2437 1654 2482 quae
1689 2436 1819 2482 super
1854 2434 1909 2466 eo
1947 2421 2162 2466 censenda
2198 2426 2315 2482 sunt,
2360 2435 2409 2466 se

1303 2518 1606 2572 suscepturum
1631 2511 1884 2570 perhibenS,
1901 2511 2033 2568 'quod
2062 2524 2122 2555 ecc
2152 2523 2231 2555 ore
2254 2516 2407 2555 nostro

1304 2603 1461 2648 beatas
1494 2600 1653 2647 Petrus
1687 2606 1849 2644 auctor
1892 2605 2069 2653 noster,
2117 2598 2238 2642 ouius
2282 2598 2409 2642 mini-

1303 2691 1441 2735 sterio
1476 2689 1710 2746 fungimur,
1744 2682 2015 2746 praeviderit
2048 2683 2374 2731 statuendum.“

1407 2778 1482 2838 ³³)
1518 2777 1582 2821 Cf.
1618 2775 1735 2820 Petri
1770 2774 1974 2819 Ballerini
2008 2762 2191 2833 librum,
2229 2773 2286 2819 de
2313 2787 2406 2832 po·-

1304 2872 1463 2912 testate
1496 2846 1832 2920 ecclesiastica,
1869 2876 1964 2922 cap.
1990 2863 2022 2907 Ι.
2061 2861 2340 2921 §§.1-—vl.

1410 2953 1485 3013 ³⁴)
1540 2952 1604 2996 Cf.
1651 2952 1966 3011 Mamachium,
2014 2950 2169 3008 Origg.
2206 2955 2250 2995 et
2284 2949 2410 2995 Anti-

1304 3044 1429 3102 quitt.
1467 3041 1626 3086 Christ.
1665 3040 1711 3084 Τ.
1739 3039 1793 3084 ΙΙ.

1317 3149 1325 3161 ·
1409 3130 1483 3190 35)
1538 3128 1652 3174 Vide
1698 3141 1808 3186 quae
1854 3127 1908 3172 de
1950 3127 2163 3184 formatis
2209 3126 2408 3185 epistolis

1304 3218 1439 3263 habet
1482 3216 1736 3276 Alphonsus
1781 3215 2029 3260 Muzzarelli
2073 3217 2116 3259 in
2163 3227 2296 3273 opere
2344 3214 2408 3258 in-

1305 3292 1487 3365 scripto,
1524 3306 1596 3351 De
1630 3306 1904 3349 auctoritate
1937 3303 2063 3348 Rom.
2093 3303 2325 3360 Pontificis
2358 3302 2408 3346 in
2483 3341 2485 3345 ,
2549 3314 2556 3324 ·

1309 3394 1526 3440 Conciliis
1565 3393 1884 3449 Generalibas,
1922 3405 2015 3450 cap.
2040 3391 2094 3436 V.
2131 3390 2174 3449 S.
2201 3390 2273 3435 lx.

1408 3482 1482 3542 36)
1537 3481 1601 3530 Cf.
1647 3481 1957 3539 Mamachium,
2012 3479 2091 3538 Op.
2137 3479 2212 3522 cit.
2262 3477 2313 3522 -Τ,
2350 3478 2404 3522 V.

1303 3570 1419 3614 Part.
1444 3569 1478 3614 1.
1514 3582 1610 3628 cap.
1637 3569 1688 3613 ll.
1726 3569 1799 3629 §§.
1826 3569 1858 3613 I.
1884 3581 2006 3625 seqq.

1407 3658 1482 3718 ³⁷)
1503 3658 1699 3715 Insignia
1725 3662 1824 3702 sunt
1846 3668 1957 3713 quae
1981 3654 2035 3699 de
2056 3652 2315 3698 Constantio
2340 3667 2408 3698 re-

1303 3747 1389 3792 fert
1405 3745 1663 3790 Ammianus
1682 3734 1955 3789 Marcellinus
1977 3740 2055 3786 lib.
2072 3740 2169 3785 XV.
2193 3753 2289 3800 cap.
2308 3741 2403 3800 vll,

1303 3847 1502 3894 quaeque
1547 3838 1760 3878 testantur
1804 3830 2046 3874 Marcianus
2094 3829 2137 3873 in
2184 3829 2314 3888 epist.
2351 3828 2405 3873 ad

1301 3922 1508 3982 Leonem,
1544 3934 1655 3979 quae
1681 3923 1748 3963 est
1772 3919 1882 3962 inter
1904 3916 2120 3961 Leoninas
2147 3915 2243 3976 CX,
2281 3916 2401 3961 Galla

1302 4010 1492 4055 Placidia
1541 4009 1654 4067 apud
1702 4004 1994 4063 Cotelerium,
2049 4003 2096 4048 T.
2132 4004 2165 4048 1.
2211 4002 2399 4048 Monam.

1300 4099 1470 4144 Eccles.
1507 4096 1660 4142 Graec.
1705 4108 1808 4154 pag.
1846 4093 1934 4153 63,
1981 4092 2253 4140 Justinianus
2287 4090 2400 4140 N0v‚
