2574 4276
209 125 275 173 52
492 83 493 86 Ὺ
1090 120 1310 190 mmm
1379 120 1662 176 PRIMUS

212 278 322 314 cum
352 263 495 314 Petro
533 263 798 314 adhibitam
833 246 1102 328 scripturae
1140 262 1256 312 novi
1278 263 1572 313 -testamenti
1609 261 1887 330 declarant,
1925 278 2013 315 sua
2050 265 2198 318 veluti
2234 272 2408 334 sponte
2447 265 2542 317 duo

213 361 605 422 consequentur:
661 371 719 406 ac
765 354 799 404 I.
845 359 1103 418 utramque
1154 351 1468 420 οἰκονομίαν
1515 353 1663 404 talem
1710 368 1849 420 esse,
1897 369 2023 421 quae
2069 357 2176 426 iure
2224 358 2285 410 ad
2330 359 2541 410 invicem

213 453 553 514 comparetur:
611 453 660 496 et
709 445 763 496 II.
813 461 842 495 e
887 443 1031 495 simili
1080 443 1363 510 οἰκονομίᾳ
1404 444 1768 495 similitudinem
1817 445 2056 513 consilii,
2083 451 2344 517 statutique
2395 450 2543 501 divini

210 538 389 590 idonea
427 538 741 590 conclusione
781 535 972 586 deduci.
1048 533 1198 602 Atqui
1236 535 1334 586 hoc
1373 536 1614 603 est-quod
1650 536 2005 603 contendimUS,
2042 514 2299 609 utramque
2337 545 2545 594 οἰκονο-

210 630 341 697 μίαν
392 630 483 682 sibi
530 633 587 679 ἐκ
632 626 972 694 παραλλήλου
1020 627 1355 694 respondere,
1403 643 1567 694 neque
1621 627 1762 679 aliter
1806 627 1963 679 Deum
2005 643 2115 679 cum
2162 630 2445 684 Abrahamo
2473 634 2540 698 ²³,

143 779 158 791 θ
213 737 357 789 quam
408 736 516 771 cum
563 718 706 770 Petro
755 718 998 770 Christum
1046 734 1102 771 se
1159 720 1395 787 gessisse.
1469 719 1587 771 Jure
1637 734 1761 787 ergo
1813 726 1861 770 et
1899 722 2315 787 comparationem
2348 725 2540 789 inimus,

175 820 260 871 ¹et
305 811 667 863 similitudinem
714 811 907 863 divinae
955 812 1291 863 destinationis
1342 828 1406 863 ex
1453 828 1511 863 ea
1552 813 1943 879 comprobamus.
2018 813 2154 873 Quae
2190 816 2543 881 praemittenda

211 910 364 968 erant,
403 919 467 954 ne
504 909 674 970 posset
710 906 1089 971 comparationis
1125 905 1459 973 opportunitas
1500 904 1581 955 vel
1616 905 1794 956 utilitas
1832 907 1881 956 in
1915 905 2265 958 dubitationem
2301 909 2542 958 revocari.

389 1022 482 1069 29:
545 1017 630 1069 His
677 1025 838 1070 autem
884 1020 1194 1086 praemissis,
1244 1026 1296 1070 ut
1346 1019 1409 1070 ad
1453 1035 1513 1070 ea
1550 1005 2027 1086 veniamus'capita,
2079 1019 2252 1086 quibus
2289 1021 2542 1088 utriusque

210 1110 520 1177 οἰκονομίας
552 1109 815 1161 similitudo
844 1117 892 1161 et
917 1108 1346 1179 παραλληλισμὸς
1373 1117 1578 1180 const-at,
1616 1111 1731 1162 illud
1755 1113 1913 1179 primo
1941 1114 2168 1179 occurrit,
2210 1128 2306 1179 quo
2331 1091 2473 1165 Deus
2490 1115 2535 1139 ²⁴

208 1202 540 1270 multifariam,
581 1202 841 1270 multisque
879 1203 1036 1256 modis
1072 1184 1281 1271 loquens
1317 1204 1534 1270 patribus
1574 1204 1635 1255 de
1664 1219 1736 1255 veo
1775 1205 1963 1271 gratiae
1994 1204 2224 1272 foedere,
2263 1205 2394 1272 quod
2430 1221 2540 1256 cum

209 1295 635 1363 protoparentibus
660 1296 705 1322 ²⁵
747 1296 1036 1363 iampridem
1073 1295 1289 1363 ferierat,
1333 1296 1452 1347 dixit
1476 1297 1522 1322 ²⁶
1563 1296 1815 1347 Abramo:
1857 1293 2123 1365 Eqredere
2155 1297 2218 1348 de
2255 1304 2398 1348 terra
2435 1304 2541 1360 tua,

210 1395 257 1440 et
306 1388 367 1439 de
410 1394 709 1457 coqnatione
753 1395 870 1451 tua,
923 1395 969 1439 et
1027 1388 1088 1439 de
1140 1389 1284 1440 domo
1325 1394 1498 1453 patris
1544 1393 1645 1452 tui,
1674 1429 1682 1438 .
1707 1425 1717 1436 .
1743 1428 1788 1439 ..
1847 1387 2127 1455 etfaciam
2167 1395 2216 1439 te
2251 1395 2304 1440 in
2339 1395 2544 1458 flentem

209 1498 478 1550 nmquam,
530 1462 676 1568 ‘7572
708 1461 827 1560 ἧλιξ
867 1474 1125 1563 'abym-
1200 1480 1358 1541 Quum
1395 1496 1516 1532 vero
1542 1485 1587 1508 ‘³⁷
1634 1481 1915 1532 novissimis
1954 1480 2125 1533 diebus
2162 1482 2332 1533 initum
2368 1481 2543 1532 foedus

207 1611 435 1679 implere,
473 1616 521 1661 et
557 1626 647 1677 per
681 1610 854 1661 Filium
892 1610 1053 1676 loqui,
1093 1625 1331 1677 suamque
1365 1610 1666 1662 voluntatem
1707 1612 1900 1677 aperire
1939 1611 2136 1678 coepit3
2175 1609 2362 1663 Simoni
2396 1615 2543 1676 atque

208 1702 441 1753 Andreae
467 1703 514 1727 ²³
564 1702 680 1753 dixit
727 1702 901 1753 Jesus:
988 1698 1168 1753 Venite
1213 1708 1333 1768 post
1378 1720 1482 1770 me,
1532 1704 1623 1755 καὶ
1658 1699 1861 1766 ποιήσω
1899 1700 2038 1770 ὑμᾶς
2081 1701 2339 1770 γενέσθαι
2377 1699 2544 1763 ἁλιεῖς

208 1792 538 1861 ἀνθρώπων.
611 1794 671 1846 Et
721 1794 907 1848 Simoni
933 1796 978 1820 ²⁹
1031 1794 1343 1845 nominatim:
1406 1793 1476 1863 μη
1523 1794 1732 1866 φοβοῦ·
1780 1793 1890 1849 ἀπὸ
1938 1797 2031 1847 τοῦ
2075 1796 2171 1847 νῦν
2215 1791 2546 1862 ἀνθρώπους

210 1889 299 1951 ἴση
338 1886 580 1955 ζωγρῶν.

389 2003 597 2053 Vocanti
643 2000 749 2052 Deo
794 2015 986 2051 morem
1037 2001 1195 2067 gessit
1220 2002 1267 2027 ³⁰
1315 1999 1527 2051 Abram:
1601 1997 1675 2052 Et
1709 2006 1841 2052 ezr-iic
1877 1998 2103 2063 Abram,
2154 2006 2293 2052 sicut
2339 1999 2545 2052 locutus

211 2103 289 2147 est
326 2095 477 2147 Deus
511 2095 582 2146 ad
615 2111 745 2144 eum.
820 2092 1028 2144 Vocanti
1072 2092 1263 2144 Christo
1310 2092 1484 2161 alacri,
1537 2100 1857 2161 promptaque
1904 2093 2154 2145 voluntate
2177 2095 2221 2119 ⁸¹
2275 2094 2435 2159 paruit
2472 2091 2545 2146 Si—

212 2203 350 2240 mon:
390 2188 477 2240 καί
513 2186 720 2248 εὐθέως
758 2184 978 2256 ἀφέντες
1015 2182 1082 2238 τοὶ
1117 2183 1304 2238 δίκτυα
1342 2183 1547 2247 αὐτῶν,
1585 2183 1964 2249 ἠκολούθησαν
1999 2183 2160 2251 αὐτῷ.

392 2302 731 2354 Obedientiam
779 2300 982 2351 Abrami
1028 2284 1356 2366 promissione
1403 2301 1519 2350 novi
1562 2301 1772 2351 nominis
1798 2302 1844 2326 ³²
1893 2304 2236 2350 remuneratus
2275 2305 2351 2350 est
2386 2298 2542 2350 Deus:

215 2392 289 2446 Et
325 2412 426 2446 non
466 2393 729 2445 vocabum·
764 2392 908 2444 ultra
933 2410 1113 2443 nomen
1150 2399 1297 2444 tuum
1345 2396 1553 2482 ΕἾτᾏρ-ξ,
1611 2394 1706 2444 sed
1741 2398 1838 2444 erit
1873 2410 2055 2444 nomen
2094 2398 2240 2444 tuum
2281 2395 2541 2483 Εἰςᾙᾏδ.

211 2522 398 2576 Eodem
437 2525 657 2590 praemio
698 2522 948 2576 Simonem
977 2521 1195 2573 Christus
1221 2523 1266 2548 ³³
1309 2521 1609 2589 honestavit,
1654 2523 1902 2589 inquiens:
1944 2517 2009 2572 συ
2046 2516 2094 2572 εἷ
2129 2519 2329 2588 Σίμων
2367 2521 2396 2571 ὁ
2433 2520 2543 2580 υἱὸς

214 2613 399 2679 Ἰωνᾶ,
439 2614 504 2667 σύ
542 2614 784 2684 κληθήσῃ
822 2613 1041 2685 Κηφᾶς.

395 2728 505 2780 Νοη
551 2736 695 2781 antea
742 2728 875 2781 Deus
925 2729 1005 2780 vel
1043 2729 1331 2796 dignitatem
1368 2730 1613 2796 promisso
1653 2730 1854 2780 nomine
1893 2728 2226 2780 adumbratam
2267 2726 2540 2793 explicavit,

217 2822 296 2873 vel
343 2821 473 2873 illam
517 2821 799 2874 Abrahamo
840 2821 1060 2887 contulit,
1109 2836 1254 2888 quam
1294 2821 1524 2872 eximium
1561 2820 1699 2886 fidei,
1745 2821 2056 2886 caritatisque
2093 2820 2414 2886 specimen³⁴
2455 2832 2542 2884 po-

217 2914 435 2965 stulavit:
507 2911 577 2965 Et
614 2919 828 2965 tentavit
868 2913 1120 2965 Dominus
1157 2909 1443 2977 Abraham,
1480 2919 1528 2964 et
1566 2913 1702 2964 dea-it
1741 2913 1813 2964 ad
1847 2930 1977 2976 eum,
2013 2928 2160 2962 sume
2186 2909 2361 2979 filium
2400 2916 2546 2960 tuum

219 3010 527 3102 ΤΓΡΠΨΠΝ
565 3012 884 3074 uniyenitum
921 3013 1087 3070 tuum,
1125 3008 1291 3072 μόνον
1327 3020 1453 3069 σου,
1493 3023 1642 3072 quem
1678 3003 1873 3074 diliqis,
1912 3011 1959 3056 et
2000 3002 2190 3073 offeres
2220 3021 2339 3054 eum
2375 3007 2428 3052 in
2463 2999 2546 3052 ho-

327 3229 401 3291 23)
449 3229 617 3285 Quibus
659 3229 954 3286 significatum
990 3230 1219 3288 volumus,
1267 3243 1342 3275 cu·
1534 3229 1607 3290 27)
1645 3228 1777 3274 Hebr.
1803 3229 1835 3298 I.
1860 3228 1916 3274 2:
1953 3216 2052 3272 'En'
2089 3219 2287 3289 ἐσχάτου
2319 3221 2411 3273 τῶν
2438 3219 2547 3286 ἠμε-

222 3333 314 3365 ram
370 3319 432 3364 illi
486 3318 779 3378 simillimam,
835 3332 964 3377 quam
1005 3319 1058 3378 ,in
1113 3317 1341 3363 efferendo
1430 3313 1523 3376 ρῶν
1556 3309 1730 3364 τούτων
1764 3308 1983 3376 ἐλάλησεν
2017 3309 2128 3376 ἡμῖν
2162 3316 2209 3361 ἐν
2242 3311 2341 3375 υἱῷ.

224 3407 482 3452 Abrahamo
517 3408 635 3453 Deus
674 3407 892 3467 ostendit,
931 3421 954 3450 a
989 3407 1166 3451 Christo
1204 3407 1342 3451 fuisse
1401 3403 1407 3408 '
1534 3420 1608 3482 εει)
1643 3419 2061 3466 Marc-1⁸16-„12
2087 3420 2187 3464 0οΗὓ
2212 3416 2546 3473 Matthlffiffi,

223 3496 491 3557 adhibitam,
529 3502 575 3541 ut
607 3496 781 3541 Petrum
816 3502 1008 3540 ornaret.
1429 3511 1530 3557 Luc,
1567 3510 1622 3555 v,
1665 3509 1739 3555 10,
2467 3488 2470 3491 ’

329 3605 404 3666 ²⁴)
442 3606 575 3651 Hebr-
612 3605 645 3650 L
687 3604 729 3650 1-
1534 3611 1609 3675 29)
1643 3579 1755 3658 1.ch
1782 3611 1839 3656 v.
1882 3610 1957 3655 10.

328 3715 403 3776 ²⁵)
439 3715 545 3761 Gen.
582 3717 656 3762 llI.
689 3715 775 3778 ¹53
810 3715 866 3760 de
902 3726 991 3773 quo
1028 3714 1243 3768 vaticinio
1279 3716 1344 3760 lu-
1534 3707 1610 3769 ³⁰)
1646 3707 1752 3753 Gen.
1788 3705 1884 3752 XII.
1922 3705 1967 3749 4.

225 3803 421 3850 culenter
456 3805 636 3851 disserit
672 3805 866 3851 Thomas
903 3802 1094 3850 Sherlok
1128 3804 1172 3849 in
1208 3815 1344 3863 opere
1534 3803 1609 3864 31)
1643 3803 1776 3847 Marc.
1814 3801 1846 3846 I.
1888 3800 1965 3846 18.

224 3894 460 3954 inscriptO,
505 3893 577 3941 De
611 3908 723 3951 usu,
760 3894 909 3955 deque
936 3891 1107 3950 finibus
1133 3893 1342 3953 prophe—
1534 3897 1610 3960 ³²)
1646 3896 1752 3943 Gen.
1789 3895 1927 3942 XVII.
1968 3900 2012 3942 5.

226 3983 407 4029 tiaram.
1533 3991 1609 4053 ⁸³)
1646 3991 1747 4038 Joh.
1783 3991 1817 4036 I.
1855 3991 1935 4037 45.

330 4090 404 4152 ²⁶)
443 4090 548 4137 Gen.
586 4090 679 4136 XII.
721 4090 878 4136 1—2.
1533 4087 1610 4149 ³⁴)
1645 4087 1752 4133 Gen.
1788 4086 1926 4133 XXII.
1967 4085 2131 4133 1--2.
