2574 4276
119 109 188 159 ⁶2
1007 104 1230 158 LIBER
1299 104 1578 158 PRIMUS

118 249 212 299 nisi
248 253 409 300 tantos
450 248 511 300 de
550 264 609 300 ea
635 248 864 314 strepitus
887 251 1216 313 protestantes
1241 244 1525 311 edidissent,
1562 245 1883 311 repetitisque
1920 247 2172 299 sententiis
2202 250 2244 275 ¹²
2286 246 2450 298 decla-

120 346 343 406 rassent,
378 354 669 407 persuasum
707 338 800 390 sibi
836 352 974 403 esse,
1021 337 1294 387 doctrinam
1333 335 1395 386 de
1429 332 1665 403 ὑπεροχῇ
1701 335 1831 386 Petri
1866 350 1965 388 non
2002 340 2252 390 minimum
2289 355 2353 392 ex
2389 354 2449 389 ea

121 430 371 497 pendere,
411 446 620 497 eamque
658 435 919 495 propterea
960 426 1021 477 ab
1061 426 1349 478 orthodoxis
1387 427 1593 478 sollicita
1629 442 1747 495 cura
1783 426 1994 480 defendi.
2066 430 2276 497 Verum,
2317 430 2450 497 quod

123 538 439 589 summopere
475 535 707 588 cuperem
746 535 773 569 a
807 517 1190 584 protestantibus
1230 518 1642 585 animadversum,
1680 519 2023 586 prudentiores
2059 529 2171 573 sunt
2206 522 2448 589 catholici,

122 630 267 680 quam
312 615 403 681 ipsi
454 614 736 679 opinentur,
788 616 838 660 et
888 610 1107 662 doctrina
1157 610 1219 661 de
1256 610 1385 662 Petri
1427 612 1636 678 primatu
1681 626 1838 678 penes
1883 626 1970 663 eos
2005 614 2203 665 maioris
2237 620 2313 667 est
2344 628 2449 665 mo-

120 707 299 771 menti,
355 720 499 770 quam
535 708 586 752 ut
620 707 815 768 putent,
865 701 1205 769 etymologiis,
1245 702 1487 769 fluxisque
1528 703 1936 771 originationibus
1975 705 2285 771 comprobari
2318 707 2450 758 illam

122 803 367 863 oportere.
443 794 604 854 Quare
642 794 871 859 sepositis
910 793 1143 860 dicteriis,
1194 809 1321 859 quae
1359 811 1593 862 asperare
1631 797 1821 847 animos
1858 802 2077 863 possunt,
2114 798 2282 848 iuvare
2319 799 2450 850 veri-

123 893 272 938 tatem
308 901 407 936 non
444 890 675 952 possunt,
728 884 789 936 de
828 901 884 936 re
921 901 1215 953 quaeramus
1255 887 1384 953 ipsa,
1435 893 1484 938 et
1529 888 1642 953 quid
1688 888 1998 940 sentiendum
2047 888 2108 939 de
2147 905 2206 940 ea
2241 890 2328 956 sit,
2377 891 2451 941 in-

86 971 99 983 ”
119 979 440 1045 vestigemus,

303 1106 383 1153 42.
459 1101 680 1161 Quatuor
715 1108 878 1153 autem
917 1103 1117 1153 omnino
1156 1107 1282 1168 sunt,
1323 1101 1385 1152 de
1429 1098 1603 1168 quibus
1643 1104 1814 1169 quaeri
1849 1119 1999 1171 posse
2026 1103 2262 1172 intellige,
2302 1119 2452 1171 quae-

121 1209 217 1261 que
255 1209 320 1244 ex
357 1192 531 1244 ordine
579 1209 831 1261 propono:
892 1194 926 1244 Ι.
966 1195 1027 1245 sit
1063 1209 1158 1244 nec
1195 1210 1259 1244 ne
1298 1189 1508 1262 Κηφᾶς
1543 1195 1788 1262 syriacum
1821 1210 2029 1262 nomen,
2081 1197 2276 1263 graecis
2314 1196 2453 1247 dum—

116 1292 248 1337 taxat
273 1292 525 1339 exaratum
552 1282 741 1353 litteris,
782 1285 1058 1353 leviterque
1087 1286 1359 1337 deflexum:
1399 1284 1454 1335 ΙΙ.
1485 1276 1641 1353 possit
1664 1303 1759 1337 nec
1795 1304 1859 1338 ne
1887 1303 1996 1338 cum
2028 1303 2215 1355 graeco
2246 1287 2454 1358 κεφαλῇ

118 1380 372 1446 componi:
407 1377 483 1429 Ill.
512 1394 574 1430 an
608 1376 823 1444 άμέσως
854 1379 1029 1430 eadem
1058 1380 1119 1430 sit
1142 1380 1397 1445 utriusque
1422 1379 1650 1444 nominis,
1691 1376 1894 1449 eryqag
1923 1380 2011 1432 καὶ
2035 1373 2257 1448 κεφαλὴ,
2297 1372 2462 1447 signi-v

115 1470 292 1522 ficandi
316 1476 561 1538 potestas:
603 1488 661 1522 ac
686 1471 882 1522 tandem
920 1471 999 1522 IV.
1027 1477 1189 1521 utrum
1215 1476 1433 1536 spectata
1456 1471 1690 1521 orationis
1716 1473 1847 1522 serie
1876 1474 1915 1498 ¹³
1958 1487 2116 1539 penes
2138 1471 2451 1540 Matthaeum,
2475 1506 2484 1521 .

117 1578 241 1628 una,
280 1562 557 1630 eademque
591 1564 847 1630 utriusque
886 1564 1024 1614 vocis
1063 1562 1372 1630 significatiO,
1408 1567 1483 1613 sin
1521 1562 1682 1614 minus
1721 1559 1962 1630 ἀμέσως,
2002 1564 2176 1615 saltem
2211 1568 2452 1631 ἐμμέσως

116 1654 290 1707 haberi
323 1656 493 1722 possit.

296 1778 336 1831 E
374 1777 547 1845 quibus
583 1777 951 1845 quaestionibus
991 1778 1126 1844 prior
1164 1793 1222 1828 ac
1269 1782 1519 1844 postrema
1568 1776 1809 1827 eiusmodi
1845 1783 1981 1844 sunt,
2029 1795 2154 1846 quae
2203 1763 2455 1833 difficulta—

116 1894 177 1945 tis
214 1893 434 1960 speciem
470 1891 661 1944 referre
698 1894 781 1944 vix
814 1906 964 1958 posse
1001 1891 1241 1942 videntur.
1316 1891 1459 1951 Quod
1495 1892 1626 1942 enim
1667 1867 1809 1957 ἱέμε)
1859 1907 2043 1945 nomen
2088 1894 2149 1944 sit
2192 1894 2452 1961 syriacum,

120 2015 169 2060 et
215 2025 243 2059 a
289 2008 480 2060 Christo
531 2007 792 2059 dialectum
840 2006 1064 2074 syriacae
1111 2005 1361 2073 geminam
1411 2005 1674 2057 adhibente
1708 2008 1976 2076 prolatum,
2026 2007 2338 2074 perspicuum
2379 2013 2455 2058 est

122 2100 274 2167 ade0,
321 2106 372 2151 ut
421 2100 632 2167 putidius
682 2100 743 2151 sit
788 2099 836 2149 id
884 2099 1106 2165 nescire,
1158 2113 1303 2164 quam
1340 2098 1648 2170 praeclarum
1688 2106 1737 2150 et
1773 2099 2085 2167 magnificum
2125 2114 2453 2166 cognoscere.

120 2191 295 2259 Neque
334 2198 722 2243 consentaneum
761 2191 945 2242 idcirco
982 2197 1071 2257 est,
1115 2191 1334 2257 inspecta
1359 2191 1593 2242 orationis
1619 2193 1767 2259 serie,
1806 2183 1952 2243 'unam
1987 2192 2332 2259 eamdemque,
2367 2195 2455 2259 ἐμ-

119 2311 291 2375 μέσως
328 2306 527 2372 saltem,
565 2307 817 2372 utriusque
856 2307 1020 2374 vocis,
1070 2278 1213 2372 12:22
1261 2311 1310 2356 et
1346 2303 1580 2374 κεφαλή,
1620 2306 2028 2373 significationem
2068 2307 2316 2362 aestimari
2355 2321 2455 2358 non

119 2459 284 2512 posse.
361 2443 519 2504 Quum
563 2443 694 2493 enim
745 2442 940 2510 Simon,
993 2442 1076 2508 qui
1136 2411 1280 2505 12:22>
1330 2443 1529 2509 dicitur,
1575 2461 1803 2509 persona
1841 2447 1926 2512 sit,
1979 2452 2028 2497 et
2076 2415 2219 2509 lexas
2267 2443 2455 2495 dicatur

120 2560 221 2622 τῆς·
243 2557 548 2620 ἐκκλησίας,
596 2563 860 2609 societatis
896 2558 1125 2608 nimirum
1164 2555 1510 2621 christianae5
1560 2559 1870 2611 manifestum
1919 2566 2017 2626 est,
2064 2559 2177 2610 ideo
2225 2557 2451 2624 lapidem,

118 2651 501 2716 fundamentum,
539 2657 828 2717 petramque
860 2651 1144 2717 nuncupari,
1185 2650 1317 2716 quod
1357 2651 1622 2702 ecclesiam
1660 2659 1819 2719 regat,
1857 2658 2110 2717 sustentet,
2149 2666 2208 2702 ac
2242 2654 2449 2700 tueatur.

122 2743 222 2797 Sed
271 2744 410 2794 dotes
457 2743 579 2794 istae
623 2749 734 2794 sunt
772 2748 983 2808 capitia,
1035 2758 1184 2809 quum
1222 2742 1282 2793 ad
1319 2744 1508 2795 morale
1547 2759 1751 2812 corpus,
1801 2745 2188 2810 societatemque
2224 2740 2451 2805 refertur,

123 2852 249 2903 quae
286 2835 412 2887 illius
447 2836 623 2886 virtute
649 2835 873 2902 dirigitur
909 2831 1054 2902 atqu‘e
1094 2837 1382 2886 continetur.
1457 2835 1561 2887 Una
1600 2829 1724 2904 er’go
1752 2838 2025 2904 eademque
2051 2841 2127 2888 est
2155 2832 2287 2895 ἰδέα,
2310 2844 2451 2898 quae

120 2912 332 2994 utroque*
366 2926 605 2978 vocabulo
645 2926 870 2995 effertur,
918 2935 967 2979 et
1012 2929 1303 2996 discrimen,
1354 2928 1485 2995 quod
1522 2930 1650 2980 inter
1690 2936 1949 2996 utrumque
1987 2929 2174 2991 existit,
2225 2924 2286 2976 ad
2323 2919 2451 2986 σχή-

122 3036 297 3088 ματος·
328 3025 377 3070 et
415 3018 780 3087 metaphoricae
817 3022 1289 3086 repraesentationis
1321 3022 1613 3073 varietatem
1649 3028 1925 3073 revocatur.

305 3149 386 3194 43.
459 3143 691 3194 Jamvero
731 3142 826 3194 hac
873 3144 1127 3210 utriusque
1176 3144 1388 3195 nominis
1426 3141 1734 3210 significandi
1770 3137 2088 3208 ἱσοδυναμίᾳ
2124 3155 2313 3192 summa
2348 3138 2453 3205 ipsa

125 3237 425 3303 quaestionis
469 3235 792 3302 praeciditur,
849 3234 1193 3300 clamoresque
1239 3236 1612 3302 protestantium
1670 3215 2061 3301 compescuntur.
2136 3231 2277 3292 Quod
2323 3231 2454 3282 enim

124 3335 225 3395 est,
266 3328 396 3394 quod
432 3329 524 3395 ipsi
559 3327 901 3379 vehementius
936 3326 1237 3393 improbant,
1290 3333 1338 3377 et
1376 3328 1436 3378 de
1476 3342 1573 3395 quo
1611 3326 1836 3378 acerbius
1874 3321 2276 3392 conqueruntur?
2325 3321 2456 3389 quod

124 3427 443 3487 praepostera
491 3420 794 3472 derivatione
831 3419 975 3470 Petro
1015 3426 1265 3470 asseratur
1302 3420 1514 3485 dignitas
1553 3425 1764 3485 capitis,
1814 3419 2018 3484 eiusque
2055 3411 2292 3485 ὑπεροχή
2335 3430 2453 3466 con-

125 3534 358 3586 firmetur.
432 3534 532 3588 Sed
567 3536 617 3587 in
654 3541 756 3586 tuto
796 3534 888 3585 ista
925 3539 1060 3599 sunt,
1108 3532 1223 3584 licet
1258 3534 1385 3584 inter
1427 3505 1579 3626 12:5⁴2}
1617 3539 1666 3584 et
1703 3527 1941 3604 κεφαλήν
1984 3530 2168 3581 nullum
2195 3533 2236 3557 ¹⁴
2279 3530 2455 3582 existat

238 3721 310 3784 ¹⁴²)
345 3722 473 3770 Sicut
506 3724 620 3769 inter
666 3728 840 3769 ceteros
884 3720 1132 3768 declaravit
1166 3718 1250 3765 Ge·
1444 3720 1515 3782 ¹⁴)
1552 3718 1683 3775 Quod
1702 3718 1819 3764 enim
1840 3717 2100 3776 metaphora
2126 3717 2291 3777 capitis
2310 3713 2454 3772 signi-

129 3813 285 3870 orgius
332 3811 470 3858 Pasor
515 3813 559 3858 in
604 3812 751 3858 lexico
806 3810 1157 3870 graeco-latino
1204 3810 1250 3853 in
1335 3811 1523 3871 fleatur,
1595 3809 1788 3868 idipsum
1843 3807 2137 3864 fundamenti
2194 3803 2453 3863 metaphora

128 3901 179 3947 N.
217 3900 266 3947 T.
303 3901 359 3946 ad
394 3914 552 3947 vocem
588 3896 792 3962 Κηφᾶς,
842 3914 932 3947 non
968 3887 1250 3958 improbante
1336 3899 1528 3944 effertur.
1599 3897 1872 3955 Quamquam
1919 3897 2035 3941 enim
2086 3900 2269 3953 utraque
2316 3896 2454 3937 meta-

131 3990 384 4037 Christiano
422 3991 764 4049 schoettgeni‘o.
1333 3988 1475 4047 phora
1523 3987 1688 4034 distare
1734 3984 1789 4030 ab
1838 3985 2032 4031 invicem
2067 3994 2350 4042 summopere
2383 3980 2453 4025 vi-

243 4079 315 4146 13)
349 4080 502 4127 Matth.
527 4080 644 4128 XVI.
681 4078 758 4127 18.
793 4077 894 4125 coll.
929 4077 1032 4124 Joh.
1059 4076 1091 4125 1.
1124 4075 1203 4123 45.
1335 4076 1518 4142 deatur3
1565 4076 1682 4124 ratio
1727 4079 1876 4123 tamen
1918 4080 1963 4122 et
2004 4074 2132 4122 notio
2177 4083 2266 4118 non
2302 4070 2448 4132 deest,
