2574 4276
176 88 243 135 22
1052 79 1610 135 PROLEGOMENA

177 232 315 278 terea
362 239 501 292 esse,
548 241 691 292 quam
729 225 972 277 sinceram
1011 221 1367 289 Scripturarum
1393 219 1833 294 explanationem?
1883 237 1982 275 non
2016 238 2114 276 una
2151 239 2274 292 ergo
2310 238 2486 276 neces-

179 319 296 370 sitas
313 358 326 385 ,
378 317 468 370 sed
512 318 689 369 eximia
740 332 850 367 cum
895 315 1188 366 necessitate
1237 314 1495 387 coniuncta
1530 313 1708 364 utilitas
1745 313 1861 364 mihi
1895 316 2113 367 stimulos
2150 316 2384 383 subiecit,
2437 323 2488 367 ut

178 411 546 477 praerogativas
583 409 739 474 Petri,
787 407 1080 473 propriaque
1121 404 1248 455 illius
1284 404 1388 455 iura
1424 404 1694 470 patrocinio
1732 410 1782 455 et
1819 404 2169 473 Scripturarum
2205 409 2489 460 auctoritate

180 500 542 569 comprobanda
578 499 894 565 susciperem.

1035 829 1605 955 cirurln

712 1038 798 1092 De
841 1046 1144 1094 testimoniis
1187 1047 1386 1111 ayitur,
1441 1060 1575 1108 quae
1621 1043 1693 1095 ad
1731 1051 2056 1111 praesentem
2108 1063 2352 1096 caussam
2398 1051 2497 1097 rite

534 1133 960 1200 coqnoscendam,
1011 1135 1444 1200 dirimendamque
1478 1134 1811 1203 referuntur:
1844 1166 1911 1173 ——
1956 1137 2243 1189 cuiusmodi
2276 1155 2344 1194 ea,
2375 1142 2494 1200 sint,

536 1231 586 1275 et
621 1242 720 1290 quo
752 1226 898 1277 modo
933 1244 995 1277 se
1030 1227 1101 1278 ad
1121 1234 1334 1278 invicem
1364 1225 1622 1283 habeant.-
1658 1258 1728 1266 —
1765 1226 1873 1279 alia
1893 1233 2094 1293 potiora
2130 1235 2274 1291 sunt,
2305 1235 2356 1279 et
2390 1228 2499 1280 alia

534 1321 601 1366 iis
639 1314 885 1380 almozem,
926 1325 1083 1384 atque
1119 1326 1194 1371 ita
1232 1326 1553 1385 comparata,
1602 1327 1660 1372 ut
1694 1319 1858 1371 lucem
1895 1338 1965 1390 ea·
2000 1319 2132 1383 illis,
2169 1319 2496 1387 firmitatem-

534 1426 633 1474 que
667 1416 992 1462 mutuentur.-
1032 1440 1098 1450 —
1144 1410 1376 1477 Dupinz'i,
1414 1410 1737 1478 aliorumque
1774 1429 1922 1463 error
1956 1418 2202 1464 notatur.

357 1640 438 1688 27.
570 1639 763 1690 idemur
795 1639 953 1707 nobiS,
992 1646 1223 1707 quantum
1249 1640 1365 1692 satis
1391 1635 1481 1704 est,
1519 1637 1867 1690 necessitatem
1895 1638 2170 1704 explicasse
2196 1639 2498 1707 conferendi,

184 1728 593 1798 expendendique
632 1747 691 1804 ea
722 1731 983 1783 bibliorum
1019 1733 1312 1798 testimonia,
1353 1748 1479 1798 quae
1518 1732 1578 1783 ad
1612 1731 1741 1783 Petri
1776 1731 2163 1798 praerogativas,
2202 1731 2503 1799 singulares-

180 1837 275 1889 que
328 1822 468 1874 dotes
522 1824 845 1892 asserendas,
908 1824 1214 1890 tuendasque
1269 1812 1542 1890 pertinenti
1602 1838 1765 1890 neque
1820 1823 2166 1874 necessitatem
2228 1824 2501 1890 explicasse

179 1914 361 1981 solum,
400 1931 573 1966 verum
612 1917 759 1968 etiam
795 1917 980 1968 intento
1018 1915 1176 1967 ferme
1214 1912 1365 1983 digito
1404 1899 1586 1967 fontem
1627 1915 1895 1982 aperuisse,
1935 1930 1963 1965 e
2002 1929 2098 1981 quo
2137 1931 2196 1966 ea
2232 1915 2497 1982 proficisci-

177 2013 256 2058 tur
292 2024 351 2063 ac
388 2008 614 2059 dimanat.
658 1991 850 2069 >Quare
898 2009 1017 2060 illud
1059 2010 1156 2059 iam
1203 2010 1445 2075 sequitur,
1494 2014 1547 2059 ut
1590 2023 1716 2076 quae
1759 2007 1854 2059 sint
1894 2006 2171 2058 huiusmodi
2206 2009 2499 2073 testimonia,

179 2099 242 2150 ad
290 2087 414 2166 quae
461 2116 666 2152 caussae
710 2101 958 2152 iudicium
982 2102 1117 2168 exigi
1166 2100 1337 2167 debet,
1397 2099 1707 2167 proferantur
1749 2100 1799 2150 in
1846 2099 2085 2165 medium,
2141 2099 2499 2167 diligenterque

178 2182 526 2243 memorentur.
601 2189 742 2252 Quod
780 2209 927 2260 quum
960 2192 1066 2244 fieri
1104 2192 1358 2259 dupliciter
1381 2193 1550 2259 possit,
1584 2192 1853 2243 'universim
1892 2197 2037 2258 atque
2072 2193 2123 2242 in
2158 2207 2361 2260 summa,
2399 2200 2499 2244 tum

180 2281 391 2345 εἰδικῶς
440 2291 585 2351 atque
635 2299 889 2353 seorsum,
936 2286 1210 2336 accuratior
1238 2283 1547 2358 disserendi.
1572 2284 1695 2334 ratio
1735 2284 1984 2351 postulare
2031 2285 2247 2352 videtur,
2301 2292 2354 2336 ut
2399 2292 2500 2336 tum

180 2375 314 2427 κατά
349 2380 507 2443 μέρος
545 2383 594 2428 et
627 2378 883 2429 enucleate
919 2384 1298 2444 recenseantur,
1349 2393 1497 2444 quum
1540 2377 1601 2428 de
1651 2376 1856 2443 singulis
1894 2377 2204 2444 enarrandiS,
2251 2378 2501 2429 vindican-

181 2468 354 2534 disque
390 2483 555 2519 sermo
593 2468 878 2537 habebitur,
932 2471 981 2521 in
1020 2477 1331 2522 antecessum
1368 2484 1489 2520 vero
1525 2484 1615 2536 per
1652 2484 1867 2535 summa,
1917 2475 1968 2520 ut
2013 2470 2167 2536 aiunt,
2223 2471 2402 2538 capita,
2454 2478 2502 2522 et

182 2560 393 2627 quodam
428 2560 577 2612 veluti
613 2556 905 2628 compendio
943 2569 1394 2631 repraesententur.

361 2687 441 2734 28.
514 2683 681 2751 Itaque
730 2685 772 2736 si
822 2683 1080 2752 Stagiritae
1129 2684 1447 2751 obsequimur
1489 2683 1541 2734 in
1590 2683 1747 2750 primo
1795 2682 2204 2734 Nicomachorum
2256 2675 2496 2735 'edicentiz

183 2772 402 2836 ἕκαστος
440 2775 601 2842 κρίνει
638 2776 843 2839 καλῶς,
882 2772 922 2829 οἳ
956 2776 1229 2845 γινώσκει,
1268 2778 1356 2829 καὶ
1391 2762 1590 2828 τούτων
1625 2775 1762 2827 ἐστὶν
1796 2768 2017 2841 ἀγαθὸς
2054 2772 2262 2840 κριτήςε
2312 2775 2499 2842 putabi-

185 2882 316 2933 muS,
363 2866 717 2934 Scripturarum
763 2868 933 2937 effata,
986 2859 1111 2936 quae
1161 2870 1223 2920 ad
1262 2874 1574 2936 praesentem
1614 2867 2015 2934 disceptationem
2050 2867 2353 2933 referuntur,
2402 2883 2501 2918 non

183 2960 243 3011 iis
281 2959 469 3011 absolvi
503 2976 629 3026 quae
666 2961 792 3028 apud
815 2961 1111 3013 Matthaeum
1151 2965 1184 3030 ¹,
1221 2963 1405 3024 Lucam
1441 2965 1458 2988 ²
1481 2967 1550 3016 et
1573 2960 1847 3012 Johannem
1883 2961 1900 2985 ³
1941 2959 2186 3033 leguntur,
2224 2960 2315 3011 sed
2352 2960 2499 3010 multo

183 3058 352 3119 patere
388 3052 558 3120 latius,
603 3069 762 3121 eaque
796 3047 959 3106 omnia
995 3056 1285 3123 complecti,
1335 3070 1461 3121 quae
1498 3039 1603 3106 sive
1640 3054 1691 3104 in
1729 3051 2028 3119 evangeliiS,
2077 3052 2181 3102 sive
2219 3052 2269 3102 in
2307 3058 2500 3118 aposto-

184 3144 344 3196 lorum
381 3146 499 3197 actis
534 3152 678 3212 atque
716 3146 931 3214 epistolis
958 3149 1245 3214 consignata
1282 3132 1528 3214 prostant.
1584 3144 1774 3198 Etenim
1812 3143 2180 3211 sapientissimis
2216 3142 2310 3204 hac
2342 3143 2408 3193 de
2446 3158 2502 3194 re

188 3237 403 3304 arbitris,
454 3239 762 3305 eximiaeque
802 3238 961 3290 famae
998 3238 1273 3306 theologiS,
1324 3237 1566 3290 Cardinali
1600 3236 1835 3288 Perronio
1872 3236 1922 3286 in
1958 3249 2135 3302 opere,
2184 3249 2280 3300 quo
2316 3235 2502 3286 Jacobo

186 3328 397 3397 Angliae
434 3330 545 3397 regi
580 3330 846 3398 respondit,
883 3331 1177 3383 Bellarmino
1215 3332 1264 3381 in
1302 3326 1639 3385 controversia
1674 3328 1736 3379 de
1771 3328 1978 3395 primatu
2001 3326 2144 3392 Petri,
2183 3326 2424 3378 Bossueto
2462 3330 2498 3394 ⁴,

298 3521 341 3584 ¹)
375 3522 524 3568 Matth.
559 3522 678 3569 XVI.
719 3495 964 3569 15--2Ο.4
1386 3518 1600 3583 l'amour3
1648 3519 1690 3564 le
1728 3517 1922 3578 premier
1962 3517 2018 3562 de
2060 3522 2161 3563 tous
2196 3518 2261 3563 les
2302 3515 2498 3577 apotres,

295 3610 341 3673 2)
377 3611 479 3656 Luc.
514 3602 651 3658 XXII.
688 3610 920 3657 31—33.
1389 3611 1462 3669 qui
1504 3610 1569 3655 vit
1613 3607 1654 3652 le
1689 3606 1891 3653 Sauveur
1934 3607 2177 3651 ressuscite
2225 3606 2303 3652 des
2346 3611 2499 3666 morts,

298 3699 345 3761 3)
380 3700 480 3745 Joh.
515 3700 631 3746 XXI.
672 3699 902 3746 15—18.
1389 3692 1563 3761 comme
1589 3696 1629 3742 'il
1661 3709 1716 3741 en
1751 3696 1878 3740 avoit
1912 3695 1983 3739 ete
2021 3696 2061 3739 le
2096 3695 2287 3754 premier
2332 3694 2500 3738 temoin

300 3788 346 3850 ⁴)
382 3787 513 3834 Cuius
549 3790 632 3834 ista
668 3795 769 3835 sunt
802 3790 846 3834 in
882 3803 1012 3835 serm.
1038 3802 1114 3834 sur
1137 3783 1303 3849 l'unite,
1389 3789 1553 3856 devant
1594 3789 1691 3831 tout
1729 3784 1771 3829 le
1813 3783 1998 3844 peuple3
2040 3784 2081 3827 le
2126 3782 2317 3842 premier
2359 3782 2500 3840 quand

199 3877 267 3924 1re
290 3878 465 3938 partie:
517 3878 889 3938 „Pierreparoit
930 3879 970 3924 le
1017 3879 1207 3938 premier
1252 3892 1305 3922 en
1389 3878 1421 3923 il
1462 3876 1586 3922 fallut
1628 3855 1810 3932 remplir
1853 3872 1894 3916 le
1940 3873 2125 3916 nombre
2170 3870 2249 3915 des
2296 3870 2501 3931 apffires,

196 3973 347 4014 toutes
393 3968 639 4030 manieres3
687 3967 730 4013 le
772 3968 965 4028 premier
1010 3982 1034 4013 a
1076 3966 1308 4012 confesser
1388 3966 1432 4012 le
1459 3963 1652 4032 premier
1685 3963 1759 4021 qui
1795 3961 2002 4006 confirma
2038 3962 2082 4013 la
2114 3960 2176 4005 foi
2211 3972 2297 4018 par,
2326 3973 2383 4003 un
2419 3959 2499 4002 mi-

192 4059 242 4111 ,la
267 4058 357 4120 foi3
378 4057 420 4103 le
442 4058 633 4117 premier
655 4057 762 4103 dans
779 4053 1061 4115 l'obligation
1076 4052 1308 4102 d'exercer
1391 4054 1539 4115 racle3
1570 4052 1614 4098 le
1648 4050 1839 4112 premier
1874 4051 1899 4096 a
1934 4049 2157 4096 convertir
2188 4047 2252 4094 les
2287 4047 2426 4109 Juifs3
2452 4046 2500 4105 ‘le
