2574 4276
133 69 200 118 42
1009 67 1229 121 LIBER
1297 65 1576 120 PRIMUS

132 215 345 277 utemur,
402 226 529 278 quae
577 226 606 262 a
652 210 843 263 Christo
889 217 940 262 et
985 209 1218 277 apostolis
1265 208 1418 273 dicta,
1469 212 1713 274 gestaque
1760 208 1812 259 in
1861 209 2125 276 scripturis
2170 219 2455 265 narrantur:

131 302 472 368 usurpabimus
510 303 688 354 deinde
728 300 1009 353 Tertulliani
1034 301 1080 326 ²⁰
1120 298 1299 349 verba:
1374 296 1675 365 „Apostolos
1710 297 1906 352 Domini
1933 301 2173 356 habemus
2212 311 2453 371 auctoreS,

134 395 217 459 qui
254 409 350 445 nec
386 395 475 461 ipsi
514 395 775 461 quidquam
814 409 879 445 ex
913 405 1004 443 suo
1043 390 1267 455 arbitrio,
1323 389 1455 456 quod
1491 390 1806 459 inducerent,
1859 393 2140 463 elegerunt,
2189 397 2280 448 sed
2312 413 2456 448 acce-

133 491 264 551 ptam
314 502 342 536 a
395 486 586 537 Christo
633 483 934 551 disciplinam
982 480 1191 531 fideliter
1234 481 1513 532 nationibus
1561 483 1924 548 assignarunt.“
1996 486 2180 547 Quibus
2216 489 2307 540 ista
2342 489 2455 540 sub-

134 575 381 643 iiciemUS,
432 592 558 643 quae
607 574 756 625 habet
781 577 823 599 ²¹
878 573 1139 624 irenaeus:
1213 572 1359 639 „Non
1406 574 1537 624 enim
1584 589 1675 640 per
1725 573 1848 627 alios
1884 575 2254 644 dispositionem
2290 580 2458 632 salutis

131 673 332 718 nostrae
381 667 730 733 cognovimus,
789 679 933 731 quam
980 679 1071 731 per
1120 679 1233 730 eOS,
1290 680 1380 731 per
1434 680 1557 731 quos
1606 666 1921 733 evangelium
1967 671 2191 734 pervenit
2237 671 2299 723 ad
2345 687 2453 725 nos.

131 756 271 816 Quod
309 757 505 823 quidem
543 763 657 807 tunc
692 757 1162 823 praeconiaverunt,
1213 763 1385 824 postea
1422 773 1543 809 vero
1571 760 1615 783 ²²
1656 773 1746 824 per
1781 757 1873 810 Dei
1910 759 2210 814 voluntatem
2246 764 2297 815 in
2333 766 2456 817 scri-

126 850 277 915 pturis
311 845 792 900 nobis'tradiderunt
827 847 1196 900 fundamentum
1235 855 1284 900 61
1321 848 1599 900 00111111113111
1636 849 1749 901 fidei
1788 849 2050 902 futuram.“

311 943 387 989 13.
462 939 517 990 In
559 941 832 1008 evangeliis
871 948 1032 993 autem
1071 942 1203 1009 quod
1226 943 1435 1009 primum
1473 944 1688 994 occurrit
1720 942 1783 994 ad
1806 959 1913 994 rem
1951 951 2170 997 nostram
2204 948 2456 1014 pertinens

125 1030 332 1081 habetur
366 1046 522 1097 penes
559 1031 864 1099 Johannem,
914 1048 1012 1099 quo
1059 1033 1310 1085 referente
1335 1037 1401 1102 2³,
1448 1050 1595 1102 quum
1634 1034 1803 1088 Simon
1850 1035 2006 1087 Jonae
2042 1036 2167 1089 filius
2193 1041 2238 1065 ²⁴
2280 1041 2455 1108 studi0,

125 1122 354 1188 curisque
399 1122 633 1175 Andreae
683 1123 844 1176 fratris
893 1125 955 1176 ad
998 1124 1168 1177 Jesum
1221 1125 1530 1177 invisendum
1579 1128 1898 1194 accessisset,
1948 1144 2049 1179 non
2085 1131 2245 1182 solum
2294 1132 2354 1183 ab
2392 1150 2455 1186 eo

120 1212 206 1264 fuit
251 1213 604 1268 humanissime
655 1224 918 1285 exceptus,
970 1233 1142 1270 verum
1188 1218 1335 1270 etiam
1381 1219 1458 1272 his
1503 1219 1668 1271 verbis
1716 1221 1978 1288 magnifice
2024 1228 2310 1275 recreatus:
2365 1223 2453 1277 In-

122 1310 286 1361 tuitus
333 1313 506 1358 autem
555 1327 672 1360 eum
696 1312 741 1336 ²⁵
794 1308 989 1372 Jesus,
1040 1310 1202 1361 dia-it.-
1247 1317 1304 1362 δα
1354 1329 1407 1361 es
1456 1309 1635 1362 Simon
1673 1310 1824 1379 filius
1870 1311 2041 1375 «Iona,
2099 1311 2164 1364 σύ
2210 1314 2453 1386 κληθήσῃ

120 1396 352 1470 Κηφᾶς,
392 1392 426 1452 ὃ
462 1399 798 1467 ἑρμηνεύεται
833 1403 1064 1468 Πέτρος,
1111 1410 1168 1455 tu
1204 1401 1468 1454 vocaberis
1509 1401 1734 1469 Cephea,
1775 1405 1912 1469 quod
1943 1411 2316 1470 interpretatur
2356 1405 2455 1460 Pe-

120 1497 252 1541 trus.
327 1492 685 1560 Propemodum
736 1494 804 1546 illi
850 1495 1062 1547 diceret:
1114 1495 1404 1563 „sublimior
1440 1502 1515 1547 est
1552 1495 1809 1548 destinatio
1845 1502 1951 1562 tua,
2004 1513 2150 1564 quam
2186 1498 2389 1551 inditum
2426 1519 2453 1553 a

121 1585 368 1636 nativitate
419 1585 632 1638 Simonis
679 1602 862 1638 nomen
909 1588 1221 1656 praesignet,
1269 1587 1355 1638 tibi
1401 1588 1532 1639 enim
1580 1588 1755 1640 faciam
1805 1587 2002 1656 Cephae
2051 1590 2453 1660 appellationem,

124 1691 219 1743 qua
255 1676 579 1744 intelligatur,
631 1693 757 1745 quae
794 1685 875 1730 tua
913 1679 1072 1731 futura
1109 1681 1172 1731 sit
1209 1680 1445 1747 dignitas,
1497 1694 1624 1746 quae
1667 1681 1991 1746 praestantia,
2043 1696 2264 1749 quasque
2301 1685 2368 1736 sis
2405 1687 2455 1737 in

121 1769 461 1836 sustentanda,
502 1770 895 1837 continendaque
935 1771 1164 1838 ecclesia,
1205 1787 1350 1839 quam
1390 1770 1686 1837 aedificabO,
1724 1777 1888 1837 partes
1928 1771 2200 1824 obiturus.“
2271 1774 2325 1826 In
2356 1792 2452 1843 quo

123 1862 478 1912 commentario
526 1862 644 1913 nihil
695 1863 895 1914 omnino
945 1879 1085 1929 esse,
1137 1864 1270 1931 quod
1306 1880 1417 1915 cum
1455 1864 1620 1916 verbis
1659 1864 1857 1930 Christi,
1907 1864 2113 1931 eiusque
2151 1873 2317 1918 mente
2355 1884 2454 1920 non

118 1952 336 2018 apprime
385 1956 686 2020 consentiat,
736 1956 1048 2022 perspicuum
1097 1958 1218 2023 erit,
1267 1959 1309 2009 si
1358 1963 1580 2023 quatuor
1652 1971 1778 2023 quae
1816 1955 2128 2021 suhiieimus,
2179 1972 2243 2009 ex
2279 1959 2453 2013 ordine

118 2044 505 2097 considerentur.

304 2142 381 2188 14.
454 2138 531 2190 Ac
578 2139 695 2190 illud
743 2144 909 2202 initio,
961 2139 1113 2192 verba
1153 2155 1278 2208 quae
1317 2140 1692 2208 descripsirnUS‚
1740 2153 1801 2190 eo
1850 2140 1899 2190 in
1950 2145 2182 2191 contextu
2228 2140 2357 2208 legi,
2404 2149 2456 2194 ut

118 2229 314 2280 nonnisi
350 2230 412 2281 ad
443 2249 604 2282 unum
642 2231 893 2285 Simonem
930 2231 1109 2283 referri
1144 2233 1347 2300 possint,
1386 2232 1692 2300 proindeque
1730 2250 1893 2283 unum
1919 2248 2032 2284 esse
2068 2231 2336 2300 Simonem,
2376 2236 2453 2286 cui

117 2320 335 2373 Christus
372 2337 553 2373 novum
588 2338 785 2390 nomen,
821 2339 1099 2391 novamque
1136 2324 1513 2392 appellat-ionem
1551 2325 1847 2392 promiserit.
1921 2324 2091 2376 Plures
2131 2331 2271 2376 erant
2306 2325 2453 2378 disci-

114 2414 240 2482 puli,
294 2431 353 2466 ac
399 2417 598 2467 omnino
649 2415 909 2467 duodecim
950 2416 1182 2484 apostoli,
1231 2432 1355 2484 quos
1403 2418 1549 2469 Jesus
1588 2417 1873 2469 carissimos
1912 2415 2102 2482 habuit,
2161 2417 2452 2485 eximiisque

116 2505 257 2557 donis
311 2508 588 2559 cumulavit.
663 2506 988 2560 Nihilominus
1035 2524 1185 2560 unum
1229 2510 1416 2578 delegit
1459 2509 1737 2574 Simonem,
1788 2523 1935 2574 quem
1971 2509 2037 2559 ita
2084 2524 2214 2560 novo
2249 2512 2451 2561 nomine

118 2604 331 2664 ornaret,
370 2606 421 2650 ut
456 2614 635 2651 recens
677 2599 935 2667 appellatio
974 2601 1020 2650 in
1047 2601 1223 2667 prioris
1250 2602 1397 2653 veluti
1425 2602 1714 2652 obliteratae
1740 2601 1903 2652 locum
1941 2600 2147 2653 suffecta
2184 2602 2447 2653 videretur.

119 2796 273 2851 metur,
311 2796 401 2836 111111
437 2805 486 2837 se
523 2793 579 2838 ad
615 2799 813 2839 veterum
849 2794 1240 2854 interpretationes

115 2879 362 2938 recipiant:
397 2887 595 2939 pugnent
619 2895 727 2927 vero
762 2887 809 2928 et
843 2883 1082 2929 bibliorum
1116 2886 1242 2930 testi-

119 2970 279 3014 moniis
316 2969 596 3030 obnitantur,
640 2958 771 3030 quum
806 2971 982 3017 Patrum
1022 2972 1241 3032 suffragio

118 3058 275 3103 eadem
311 3058 575 3104 defenditur.
633 3059 697 3104 Ne
723 3073 835 3120 ergo
859 3062 1079 3120 vertigine
1103 3076 1242 3122 prope

122 3146 294 3205 abrepti
329 3161 544 3205 vagemur
579 3149 770 3209 iugiter,
814 3163 867 3194 ac
902 3152 1103 3210 nuspiam
1140 3164 1244 3196 0011-

119 3236 344 3295 sistamus,
383 3236 501 3281 edici
537 3239 770 3297 perspicue
805 3238 953 3298 debet,
992 3252 1117 3283 suum
1142 3253 1242 3284 esse

121 3325 311 3382 singulis
346 3325 509 3386 locum,
545 3340 687 3385 neque
723 3326 827 3371 ferri
854 3339 1005 3387 posse,
1042 3334 1088 3373 ut
1113 3343 1241 3387 quum

121 3428 145 3457 e
182 3414 333 3459 bibliis
379 3427 450 3459 res
488 3415 659 3475 agitur,
708 3416 982 3475 interpositis
1027 3416 1242 3478 patribus,

123 3507 221 3548 tota
258 3505 596 3550 controversiae
631 3505 747 3550 ratio
781 3504 1076 3563 perturbetur.

228 3592 303 3650 ²⁰)
338 3592 618 3652 Praescriptt.
655 3606 753 3652 cap.
789 3592 866 3638 VI.
936 3593 1048 3638 Hinc
1082 3595 1246 3639 verita-

120 3688 188 3727 tes
241 3680 509 3727 christianae
563 3682 618 3726 ab
672 3681 848 3740 Ignatio
906 3683 949 3727 111
1002 3683 1132 3741 epist.
1189 3683 1245 3728 ad

120 3770 268 3827 Magn.
323 3768 367 3828 §.
410 3769 527 3815 XIII.
581 3770 782 3817 dicuntur
836 3763 1049 3832 δόγματα
1098 3761 1246 3842 ’1ηοοῦ

121 3852 335 3919 Χριστοῦ
378 3856 455 3903 καὶ
501 3850 803 3906 ἀποστόλωνε
857 3865 902 3905 et
947 3858 1141 3919 apostoli
1188 3858 1243 3903 ab

123 3947 414 3993 alexandrino
439 3946 664 3994 Clemente
690 3949 904 4002 Stromat.
939 3948 1017 3995 lib.
1037 3947 1112 3994 111.
1142 3946 1188 4006 S.
1208 3947 1242 3992 Ι.

118 4041 422 4097 nuncupantur
444 4036 487 4085 οἱ
507 4029 806 4101 προπάτορες
838 4026 931 4085 τῶν
963 4028 1220 4100 δογμάτων.

1434 2795 1508 2856 Ὴ)
1547 2794 1657 2841 Con.
1695 2795 1878 2840 HaereS.
1915 2793 1992 2839 lib.
2019 2793 2091 2839 111.
2130 2806 2227 2853 cap.
2254 2793 2286 2838 1.

1436 2906 1511 2966 22)
1545 2905 1661 2950 Ν11111
1695 2906 1819 2950 hisce
1853 2904 2126 2964 praeclarius
2163 2903 2219 2949 ad
2250 2907 2450 2963 aperien-

1328 2995 1431 3039 dam
1467 2995 1686 3052 originem
1724 2993 1996 3039 Traditionis
2032 2987 2308 3054 ἐξηγητικῆς.

1435 3104 1510 3165 2³)
1545 3104 1648 3149 Joh.
1685 3103 1718 3148 1.
1756 3102 1990 3149 40—42.

1439 3236 1514 3297 ²⁴)
1550 3236 1932 3292 Quemadmodum
1959 3235 2047 3280 duo
2071 3233 2313 3294 Thaddaei,
2341 3235 2450 3280 alter

1330 3341 1386 3372 ex
1435 3325 1770 3385 apostolorum,
1826 3337 1877 3369 ac
1921 3323 2032 3369 alter
2076 3337 2100 3367 6
2134 3323 2447 3382 discipulorum

1330 3427 1540 3475 numero,
1586 3416 1648 3459 ita
1690 3413 1837 3473 plures
1876 3413 1920 3457 in
1956 3412 2006 3457 N.
2044 3412 2093 3457 T.
2130 3412 2336 3458 Simones
2372 3426 2449 3457 oc—

1331 3509 1535 3564 currunt,
1573 3503 1729 3548 Simon
1764 3501 1941 3561 PetruS,
1980 3501 2136 3546 Simon
2172 3500 2446 3560 Cananaeus,

1332 3593 1490 3638 Simon
1535 3592 1672 3636 frater
1713 3590 1914 3647 Domini,
1969 3589 2123 3635 Simon
2172 3590 2447 3649 Cyrenaeus,

1331 3681 1487 3725 Simon
1531 3680 1761 3738 leprosus,
1809 3677 1964 3723 Simon
2001 3678 2241 3740 Iscariota,
2289 3678 2446 3725 Simon

1331 3769 1577 3826 coriarius,
1626 3767 1782 3812 Simon
1825 3766 1953 3823 niger
1995 3773 2039 3812 61
2082 3769 2238 3814 Simon
2275 3781 2446 3825 magus.

1331 3858 1473 3913 Quum
1509 3867 1621 3914 ergo
1647 3854 1878 3901 Simonem
1914 3854 2075 3901 deinde
2110 3856 2446 3916 appellabimus,

1327 3959 1418 3991 non
1465 3945 1598 3991 alium
1643 3955 1775 4002 quam
1821 3943 2050 3989 Simonem
2094 3945 2267 3990 Petrum
2320 3945 2447 3993 iutel-

1328 4036 1490 4083 lectum
1525 4032 1741 4079 volumus·
