2574 4276
180 154 250 205 48
1066 154 1287 208 LIBER
1357 153 1635 210 PRIMUS

179 294 314 347 hanc
357 303 558 362 petram
607 294 891 367 aedificabo
933 295 1201 346 ecclesiam
1245 312 1424 346 meam.
1499 295 1634 349 Sicut
1651 297 1774 373 'ipse
1810 297 1978 352 lumen
2023 302 2255 369 apostolis
2291 302 2503 370 donavit,

180 394 232 438 ut
282 387 447 438 lumen
491 388 657 438 mundi
705 386 1065 454 appellarentur
1089 388 1164 452 ⁷³,
1217 391 1484 454 ceteraque
1537 404 1603 440 ex
1642 385 1854 441 Domino
1892 394 2048 444 sortiti
2085 403 2198 447 sunt
2232 395 2504 462 vocabula,

181 480 245 531 ita
284 479 495 545 Simoni,
541 480 622 545 qui
671 477 904 528 credebat
950 478 1000 527 in
1036 476 1255 543 Petram,
1307 477 1526 531 Christus
1561 479 1690 531 Petri
1725 467 1930 549 largitus
1964 491 2040 537 est
2072 501 2284 554 nomen,
2329 503 2388 538 ac
2424 502 2504 539 se-

183 571 395 623 cundum
419 569 753 636 metaphoram
779 574 950 634 petrae
974 574 1112 620 recte
1139 568 1314 620 dicitur
1339 570 1401 639 ei,
1432 571 1717 639 aedificabo
1741 573 2015 628 ecclesiam
2038 594 2205 631 meam
2228 597 2386 645 super
2411 583 2508 630 te.“

1053 921 1446 1000 CAPUT
1528 922 1636 1001 111.

719 1092 866 1156 Quae
910 1102 1015 1148 sint
1066 1115 1138 1149 ea·
1187 1098 1336 1149 dictis
1374 1105 1764 1164 consequentia.-
1803 1133 1868 1139 -
1903 1097 2057 1151 Petri
2095 1080 2227 1167 prae
2264 1101 2510 1168 apostolis

538 1184 700 1238 honor
745 1194 793 1239 et
844 1194 1130 1240 auctoritas
1167 1188 1482 1259 sinqularis:
1518 1222 1588 1230 —
1624 1192 1853 1243 eiusdem
1890 1193 2260 1259 πρωτοστασία
2296 1202 2346 1246 et
2381 1212 2509 1262 προ-

540 1278 754 1330 στασίαι
791 1312 855 1318 --
895 1297 1027 1346 quae
1069 1289 1300 1334 veterum
1337 1280 1544 1352 effatis,
1592 1289 1962 1349 sententiisque
1998 1283 2400 1352 confirmantur:
2449 1315 2504 1323 —

541 1369 827 1423 illustratio
863 1374 981 1425 inde
1029 1375 1217 1439 ducta,
1264 1375 1403 1439 quod
1442 1375 1601 1427 simili
1631 1394 1851 1442 prorsus
1891 1377 2172 1445 οἰκονομίᾳ
2209 1376 2359 1428 Deus
2396 1395 2511 1429 cum

542 1462 843 1516 Abrahamo
893 1473 941 1518 et
994 1460 1235 1519 Christus
1286 1485 1403 1527 cum
1437 1466 1601 1521 Petro
1646 1475 1838 1537 eqerit:
1885 1499 1940 1507 —-
1984 1475 2157 1535 capita
2200 1467 2512 1536 παράλληλοι

539 1557 860 1610 indicantur.-
895 1590 963 1597 —-
1000 1567 1315 1626 comparatio
1347 1557 1654 1626 perpolitur’:
1692 1591 1759 1599 —
1799 1581 1860 1613 ac
1899 1567 2036 1613 ratio
2069 1562 2369 1624 ostenditur,
2410 1579 2511 1627 qua

541 1656 698 1702 certis
740 1649 1047 1717 quibusdam
1079 1659 1480 1719 protestantium
1516 1651 1924 1722 difficultatibus
1969 1652 2229 1706 cumulate
2263 1652 2511 1721 satisfiat.

364 1877 445 1925 22.
521 1825 688 1929 Quae
713 1875 1054 1939 praemisimus
1084 1875 1396 1926 antecedenti
1433 1875 1605 1941 capite,
1643 1875 1708 1925 ita
1745 1880 1856 1925 sunt
1893 1879 2188 1940 comparata,
2226 1879 2278 1923 ut
2311 1872 2514 1924 totidem

185 1964 334 2016 veluti
383 1967 620 2033 principia
667 1967 843 2017 merito
896 1946 1241 2031 aestimentur,
1290 1984 1319 2019 e
1368 1967 1542 2034 quibus
1589 1982 1689 2018 non
1725 1981 1881 2034 pauca
1919 1966 2315 2032 controversiae,
2368 1982 2513 2032 quam

184 2057 453 2125 habemus,
502 2059 842 2125 expediendae
888 2060 1298 2126 opportunissima
1335 2059 1649 2111 deducantur.
1735 2058 1895 2118 Quum
1933 2059 2064 2108 enim
2101 2073 2162 2109 ea
2206 2058 2302 2108 sint
2337 2056 2504 2108 Petri¹

180 2156 406 2216 propria,
444 2151 577 2201 illum
616 2151 675 2201 ab
714 2151 946 2218 apostolis
982 2151 1184 2218 reliquis
1218 2159 1511 2220 secernunt,
1549 2151 1914 2219 impediuntque
1953 2151 2211 2216 quominus
2247 2149 2382 2201 nullo
2416 2149 2513 2200 dis-

187 2245 407 2310 crimine,
446 2250 495 2294 et
529 2250 778 2310 tamquam
815 2241 949 2294 unus
978 2250 1257 2294 ceterorum
1294 2244 1465 2295 Petrus
1501 2244 1755 2295 iudicetur.
1829 2242 2004 2309 Neque
2049 2241 2314 2293 discrimen
2348 2241 2511 2297 modo,

186 2336 277 2388 sed
312 2337 411 2386 vim
450 2338 620 2403 etiam,
659 2337 998 2401 rationemque
1036 2335 1354 2403 discriminis,
1394 2352 1452 2387 ac
1488 2336 1620 2388 unde
1652 2337 1811 2403 repeti
1848 2336 1965 2386 illud
2002 2335 2202 2401 debeat,
2240 2334 2514 2387 luculenter

188 2430 424 2496 aperiunt.
499 2428 774 2480 Ostendunt
808 2444 1019 2495 namque
1058 2429 1338 2504 discrimen,
1378 2443 1474 2495 quo
1514 2428 1573 2479 ab
1612 2428 1844 2495 apostolis
1868 2428 2039 2478 Petrus
2077 2427 2232 2493 distat,
2272 2441 2386 2477 esse
2424 2426 2513 2477 du-

182 2521 330 2588 pleoe,
367 2521 570 2572 honoris
608 2521 815 2572 alterum
854 2528 903 2572 et
940 2521 1280 2588 excellentiae,
1320 2536 1378 2571 ac
1415 2520 1621 2571 alterum
1659 2521 1810 2588 iuriS,
1849 2520 2150 2587 potiorisque
2189 2518 2511 2570 auctoritatis:

187 2615 451 2667 ostendunt
490 2613 667 2665 deinde
704 2616 957 2681 utriusque
983 2613 1275 2665 discriminis
1313 2614 1559 2681 originem
1597 2630 1625 2666 e
1660 2613 1898 2680 singulari
1935 2611 2143 2679 quadam
2181 2627 2290 2663 cum
2323 2611 2513 2662 Christo

188 2709 453 2773 societate,
491 2706 719 2772 Petrique
759 2707 1105 2757 coniunctione
1143 2705 1401 2772 proficisci.

366 2805 447 2851 23.
521 2799 581 2850 Et
616 2815 672 2849 re
711 2814 831 2850 sane
869 2814 987 2849 vera
1034 2800 1295 2866 promissio
1333 2801 1350 2825 ²
1396 2801 1632 2866 primum,
1685 2804 1786 2848 tum
1823 2811 1945 2848 vero
1983 2795 2176 2847 collatio
2198 2797 2215 2821 ³
2272 2795 2387 2845 novi
2423 2809 2512 2844 no-

189 2893 348 2957 miniS,
388 2893 592 2957 eiusque
630 2891 1046 2959 excellentissimi,
1086 2892 1315 2958 quodque
1351 2906 1442 2958 per
1478 2888 1630 2942 se'ac
1667 2890 1987 2956 simpliciter⁴
2040 2887 2230 2939 Christo
2270 2887 2514 2951 convenit,

191 2985 441 3038 Simonem
480 3000 508 3035 a
543 2984 746 3051 reliquis
785 2981 1005 3051 separat,
1043 2985 1275 3052 illumque
1314 2985 1491 3035 eximia
1529 2982 1738 3050 quadam
1772 2981 1974 3033 honoris
2010 2981 2355 3046 praerogativa
2395 2978 2515 3028 divi—

190 3078 316 3128 nitus
365 3075 737 3126 cohonestatum
787 3075 1017 3127 declarat.
1092 3076 1158 3127 At
1206 3092 1327 3128 vero
1376 3075 1596 3127 subiecta
1647 3074 1808 3125 eidem
1854 3074 2037 3124 nomini
2079 3077 2323 3138 potestas,
2371 3086 2515 3137 quam

297 3242 373 3303 73)
408 3241 662 3300 Respicitur
691 3240 748 3286 ad
772 3241 909 3288 verba
935 3240 1122 3300 Christi,
1160 3242 1312 3287 Matth.
1399 3242 1579 3287 veniant
1612 3239 1846 3300 apostolis,
1883 3238 1946 3283 illi
1979 3238 2107 3297 plene
2143 3242 2189 3282 et
2223 3228 2344 3282 κατοέ
2379 3226 2515 3297 φύσιν

196 3333 249 3378 V.
289 3330 376 3377 14:
434 3321 587 3391 Ὑμεῖς
632 3328 732 3375 ἐστε
765 3322 820 3376 τό
854 3324 955 3391 φῶς
997 3325 1080 3375 τοῦ
1123 3323 1313 3391 κόσμου.
1400 3332 1572 3390 inesse,
1620 3329 1688 3374 his
1734 3328 1907 3374 nonnisi
1953 3326 2271 3386 quadamtenus
2318 3330 2363 3370 et
2394 3316 2514 3370 κατοέ

137 3460 140 3465 .
194 3420 331 3467 Porro
355 3421 457 3466 Joh.
483 3419 516 3465 Ι.
542 3418 689 3464 4-9.
747 3417 943 3463 Christus
969 3424 1038 3464 est
1062 3421 1133 3478 qui
1157 3420 1317 3465 dicitur
1361 3422 1364 3426 '
1399 3411 1547 3482 χάριν.
1606 3418 1722 3463 Ν11ι11
1754 3422 1989 3477 propterea
2026 3414 2100 3460 III.
2139 3414 2366 3475 impedire,
2404 3426 2515 3473 quo-

196 3503 248 3556 τό
272 3504 373 3571 φῶς
393 3505 486 3556 τῶν
514 3498 800 3571 ἀνθρώπων,
836 3512 881 3552 et
909 3499 962 3552 τὸ
992 3502 1093 3568 φῶς
1119 3499 1173 3552 vd
1203 3499 1316 3567 ἅλη-
1400 3509 1543 3554 minus
1579 3521 1632 3552 ea
1667 3506 1722 3552 de
1758 3505 1975 3566 apostolis
2011 3510 2252 3566 negentur,
2307 3503 2516 3562 quemad-

196 3592 357 3644 θινόνε
394 3599 449 3644 de
469 3599 766 3644 Praecursore
790 3608 900 3642 vero
922 3610 967 3642 v.
988 3595 1035 3641 8.
1061 3595 1317 3659 affirmatur,
1402 3598 1580 3643 modum
1604 3596 1660 3642 de
1683 3595 1884 3641 Johanne
1910 3600 2120 3655 negatur,
2158 3593 2276 3653 quod
2309 3597 2429 3636 esset
2462 3585 2515 3636 τό

200 3680 283 3734 οὐκ
329 3678 385 3748 ἦν
427 3687 593 3742 ἐκεῖνος
636 3681 690 3735 τὸ
725 3681 851 3750 φῶς,
898 3676 999 3730 ἄλλ’
1037 3676 1112 3730 ἵνα
1145 3699 1317 3747 μαρτυ-
1403 3681 1516 3749 φῶς.
1582 3683 1804 3731 Videlicet
1838 3684 1877 3729 si
1910 3695 1999 3728 non
2036 3674 2285 3743 ἀναλόγως,
2322 3680 2416 3739 sed,
2454 3680 2515 3723 uti

201 3769 319 3841 θήσῃ
354 3775 457 3835 περὶ
491 3772 575 3823 ῒθῦ
608 3769 776 3839 φωτός·
846 3775 970 3832 Quae
1013 3787 1069 3820 ne
1114 3773 1169 3819 ab
1206 3774 1320 3820 invi·
1402 3776 1550 3824 dicere
1586 3786 1682 3820 mos
1718 3778 1810 3835 est,
1847 3773 2044 3819 univoce
2078 3774 2354 3831 usurpentur.

201 3881 298 3912 cem
351 3866 570 3913 dissidere
616 3866 881 3928 videantur,
935 3864 1172 3911 tenendum
1223 3870 1317 3932 est:
1512 3864 1553 3926 ¹)
1589 3878 1631 3909 n.
1672 3858 1748 3907 14.

201 3956 235 4001 Ι.
271 3969 383 4015 quae
417 3954 600 4014 propria
635 3961 739 4001 sunt
771 3955 948 4017 Christi,
986 3967 1038 4000 ea
1075 3967 1173 3999 cum
1210 3966 1318 4013 apo·
1506 3952 1553 4015 2)
1587 3966 1630 3998 ιι.
1671 3950 1747 3996 13.

201 4045 332 4093 stolis
365 4045 709 4104 participatione
745 4044 1090 4090 communicari:
1142 4042 1223 4087 sed
1257 4043 1317 4088 ita
1508 4041 1554 4103 ³)
1591 4054 1634 4086 n.
1672 4039 1750 4085 20.

203 4134 256 4182 11.
280 4134 612 4196 communicari,
639 4140 688 4181 ut
709 4134 835 4181 aliter
853 4134 1044 4195 Christo,
1065 4133 1193 4179 aliter
1214 4144 1321 4179 con-
1509 4130 1555 4193 ⁴)
1590 4143 1632 4174 ιι.
1673 4126 1748 4173 17.
