2574 4276
218 124 321 173 354
1041 119 1260 171 LIBER
1329 119 1722 177 SECUNDUS

221 268 414 315 euitate
436 264 502 326 ⁶⁰,
540 277 665 329 quae
703 261 877 312 merito
915 274 1027 310 cum
1063 274 1123 310 ea
1160 261 1493 326 componitur,
1546 275 1642 327 qua
1685 267 1847 315 textus
1883 265 2040 318 nitent
2075 267 2249 334 quibus
2286 267 2544 335 anglicani,

220 355 486 421 lutherani,
526 360 575 405 et
611 352 869 404 calviniani
906 366 1046 403 suam
1083 352 1265 418 quique
1303 366 1529 403 caussam
1568 351 1850 405 defendunt.

405 450 482 496 17.
557 444 784 510 Sequitur
838 442 1092 493 evidentia
1145 441 1328 506 realis,
1382 458 1528 509 quam
1586 445 1789 496 assertis
1845 461 1875 497 a
1927 450 2305 514 protestantibus
2357 452 2544 503 caussis

219 537 368 607 Ionqe
403 539 568 588 inesse
619 540 891 596 minorem,
943 540 1320 599 tenuioremque
1366 535 1638 602 contendo,
1693 552 1839 603 quam
1886 538 1955 589 illi
2001 540 2140 609 insit,
2191 544 2269 594 cui
2321 542 2548 595 catholici

218 629 596 696 patrocinantur.
672 626 801 680 Sane
831 627 1024 693 utrique
1057 640 1263 678 caussae
1303 626 1698 691 de·praesentia
1735 611 1892 692 reali,
1942 629 2101 696 deque
2137 630 2331 686 Christi
2368 635 2548 687 divini-

220 727 325 772 tate
358 720 605 771 obiectum
642 719 812 771 subest
843 716 1177 786 ὑπερνόητον,
1214 720 1507 786 insitamque
1545 721 1749 772 rationis
1787 721 1885 772 vim
1921 721 2046 774 adeo
2085 719 2349 793 excedens,
2386 733 2438 778 ut
2474 728 2546 778 in-

216 811 418 863 formari
448 810 646 879 quidem
683 812 865 862 animo·
883 808 1202 878 άναλόγω
1220 829 1247 871 ς
1283 813 1451 879 possit,
1490 812 1747 864 distinctis
1773 828 1893 864 vero
1914 819 2237 881 propriisque
2268 823 2465 870 notitiis
2487 820 2531 846 ⁶¹

216 918 316 956 non
350 904 520 971 possit.
593 903 647 954 In
684 919 860 956 caussa
885 909 1047 955 autem
1085 904 1147 955 de
1166 909 1396 969 primatu
1424 904 1544 956 nihil
1582 905 1809 971 occurrit,
1850 906 1982 972 quod
2017 922 2119 959 non
2138 910 2216 960 sit
2250 909 2549 962 admensum

216 1001 405 1048 rationi
428 997 494 1060 ⁶²,
552 996 783 1064 quodque
831 1002 1054 1063 propriis
1103 996 1459 1062 distinctisque
1504 995 1793 1048 notionibus
1837 1012 1938 1048 non
1987 1001 2325 1067 praecipiatur.
2397 1000 2547 1054 Multo

215 1090 363 1157 igitur
397 1089 558 1155 potior
596 1095 672 1140 est
707 1087 867 1140 realis
905 1089 1171 1152 evidentia,
1210 1105 1337 1156 quae
1372 1088 1494 1141 huic
1530 1107 1769 1152 caussae,
1811 1105 1958 1156 quam
1983 1106 2111 1158 quae
2146 1091 2252 1144 illis
2281 1093 2550 1160 respondet

215 1187 363 1248 atque
414 1182 660 1248 competit.
735 1181 836 1235 Sed
883 1181 1038 1248 plane
1089 1182 1266 1233 eadem
1320 1182 1534 1234 adscribi
1579 1197 1785 1234 caussae
1841 1182 2011 1250 debet,
2063 1199 2158 1250 qua
2206 1185 2549 1252 episcoporum

216 1270 478 1335 ἐξουσίαν,
518 1287 790 1340 eorumque
824 1290 851 1325 a
876 1274 1181 1343 presbyteris
1208 1275 1474 1327 discrimen
1501 1274 1747 1342 anglicani
1770 1272 2002 1326 tuentur?
2044 1281 2150 1328 esto
2177 1276 2308 1343 quod
2337 1284 2547 1345 sumunt,

216 1365 526 1417 verissimum
550 1371 715 1417 tamen
737 1373 933 1432 manet,
973 1383 1200 1419 caussam
1238 1368 1300 1419 de
1329 1368 1538 1434 primatu
1574 1367 1827 1418 evidentia
1852 1365 1986 1417 reali
2022 1366 2216 1435 fulgere
2255 1384 2315 1420 ea
2348 1370 2548 1420 omnino

214 1456 512 1521 illustriore,
551 1473 677 1525 quae
717 1473 941 1511 caussam
980 1459 1041 1510 de
1078 1461 1357 1526 praesentia
1393 1459 1532 1526 reali,
1571 1458 1732 1526 deque
1770 1458 1960 1511 Christo
2001 1459 2357 1530 θεανθρεόπῳ
2395 1463 2547 1513 comi-

148 1553 149 1556 ’
214 1556 358 1604 tatur.
429 1549 692 1602 Praeterea
728 1551 1100 1618 anglicanorum
1137 1552 1366 1619 placitum
1391 1554 1603 1620 spectari
1628 1551 1897 1619 dupliciter
1925 1559 2101 1620 potest,
2139 1552 2220 1605 vel
2255 1558 2546 1606 seiunctum

215 1658 244 1694 a
279 1641 520 1694 catholico
563 1642 795 1710 dogmate
832 1643 893 1695 de
930 1644 1140 1710 primatu
1175 1645 1319 1712 Petri,
1369 1645 1448 1697 vel
1486 1661 1598 1697 cum
1635 1660 1696 1697 eo
1735 1644 2027 1711 copulatum
2065 1652 2219 1711 atque
2254 1646 2545 1697 cohaerens.

214 1733 266 1788 Si
313 1735 577 1802 posteriori
625 1736 772 1787 modo
820 1735 1188 1803 consideretur,
1234 1752 1336 1789 non
1371 1738 1413 1788 is
1451 1752 1549 1805 ego
1587 1753 1695 1788 sum
1745 1738 1828 1804 qui
1863 1735 2057 1788 diffiteri
2094 1736 2268 1803 velim,
2321 1739 2394 1790 sic
2429 1738 2547 1789 illud

215 1842 328 1878 cum
363 1827 553 1879 ratione
592 1829 904 1894 consentire,
954 1834 1007 1879 ut
1054 1828 1114 1880 ab
1155 1829 1261 1896 ipsa
1304 1831 1495 1881 ratione
1542 1829 1658 1881 fidei
1707 1829 1890 1880 lumine
1911 1830 1956 1855 ‘⁵³
1999 1828 2278 1881 collustrata
2312 1829 2549 1896 postulari

214 1919 449 1971 videatur.
526 1918 626 1973 Sed
672 1919 768 1971 hoc
805 1936 869 1971 ne
905 1926 1047 1987 pacto
1096 1921 1341 1988 anglicani
1376 1921 1496 1974 illud
1532 1921 1868 1987 considerant,
1913 1919 2356 1987 vindicandumque
2390 1923 2547 1974 susci-

212 2008 382 2078 piunt?
431 2013 583 2062 immo
617 2018 666 2063 et
695 2028 723 2063 a
760 2012 993 2079 dogmate
1032 2013 1093 2064 de
1133 2015 1343 2080 primatu
1378 2013 1495 2065 illud
1535 2013 1678 2081 plane
1715 2013 1975 2080 divellunt,
2027 2018 2077 2064 et
2114 2027 2211 2080 quo
2248 2013 2408 2065 studio
2445 2015 2548 2080 epi-

214 2119 479 2172 scoporum
517 2099 789 2171 ύπεροχήν
815 2104 1097 2171 defendunt,
1138 2105 1317 2156 eodem
1342 2105 1472 2157 Petri
1497 2104 1822 2173 προστασίαν
1845 2107 2162 2158 insectantur.
2235 2104 2373 2165 Quae
2398 2120 2547 2172 quum

212 2198 279 2249 ita
313 2198 434 2263 sint,
485 2197 749 2262 impetrare
792 2213 819 2248 a
867 2213 946 2248 me
996 2197 1270 2249 nullatenus
1305 2212 1506 2264 possum
1546 2199 1806 2264 quominus
1840 2197 2156 2264 concludam,
2201 2195 2451 2262 placitum
2485 2197 2546 2248 de

214 2290 509 2342 discrimine
551 2295 984 2355 praestantiaque
1034 2296 1380 2355 episcoporum
1427 2296 1532 2341 tam
1567 2307 1756 2355 parum
1800 2295 1989 2342 rationi
2024 2294 2336 2353 consentire,
2384 2296 2442 2340 ut
2480 2287 2545 2340 ab

215 2400 276 2434 ea
308 2387 579 2448 perspicue
613 2380 1001 2448 luculenterque
1039 2383 1303 2434 dissideat.

399 2479 476 2525 18.
549 2474 818 2526 Percontor
863 2476 995 2526 enirn
1032 2475 1092 2527 ab
1129 2475 1426 2543 anglicanis,
1473 2474 1603 2525 unde
1648 2475 1739 2541 ipsi
1788 2463 2173 2525 consensionem
2210 2489 2321 2525 cum
2354 2474 2544 2525 ratione

214 2568 426 2620 maxime
466 2566 690 2619 educant.
763 2567 926 2619 Audio
958 2568 1317 2619 Hammondum
1341 2569 1407 2634 ⁶⁴,
1447 2566 1781 2632 Pearsonium,
1819 2565 2168 2634 Beveregium,
2204 2565 2542 2634 Binghamum,

318 2760 393 2823 60)
431 2759 499 2806 Ac
543 2773 697 2806 omnes
741 2772 848 2805 sane
894 2760 1198 2821 difficultates,
1246 2760 1342 2818 qui-

214 2850 297 2896 bus
336 2849 647 2908 excogitandis
684 2862 807 2894 suam
834 2850 1096 2895 industriam
1134 2849 1342 2894 ostende-

213 2945 314 2985 runt
373 2943 696 2999 protestanteS,
751 2939 915 2985 illatae
959 2945 1081 3000 sunt,
1136 2951 1227 2984 non
1283 2953 1339 2984 ex

214 3029 324 3087 ipsis
361 3028 557 3073 eductae
590 3027 768 3088 verbiS,
818 3041 1004 3087 quorum
1053 3033 1207 3074 contra
1242 3042 1341 3087 per-

215 3116 456 3175 spicuitate
492 3129 650 3163 osores
677 3117 893 3176 primatus
930 3118 1104 3163 diceres
1142 3130 1340 3163 commo-

214 3206 325 3253 veri.

321 3293 397 3356 6¹)
432 3294 554 3339 Haec
599 3294 715 3338 enim
764 3295 944 3354 propria
993 3296 1108 3341 ratio
1145 3301 1212 3341 est
1248 3310 1342 3355 my-

215 3385 468 3444 steriorum,
506 3397 530 3428 e
566 3397 650 3442 qua
688 3385 975 3443 consequitur
1015 3399 1157 3443 neque
1191 3387 1341 3443 singu-

213 3473 270 3519 lis
322 3472 554 3519 vocabulis
612 3473 854 3518 distinctas
908 3475 1144 3532 notiones,
1199 3489 1340 3534 neque

214 3563 419 3620 integrae
481 3562 801 3622 propositioni„
838 3563 1100 3610 distinctum
1159 3578 1341 3610 sensum

215 3652 505 3710 respondere.
1076 3647 1079 3650 ’

321 3737 396 3800 ⁶²)
435 3740 577 3795 Quum
613 3755 639 3786 e
673 3740 941 3787 veritatibus
977 3739 1186 3786 revelatis
1225 3739 1338 3788 aliae

213 3829 470 3876 rationales
515 3831 628 3891 sint,
681 3830 1155 3890 prater-rationales
1202 3830 1336 3891 aliae,

217 3931 269 3962 ac
304 3917 418 3962 aliae
452 3919 921 3979 super-rationaleS,
970 3920 1199 3965 character
1232 3932 1338 3978 pro-

214 4007 336 4067 prius
385 4021 559 4070 earum,
609 4023 720 4068 quae
765 4009 1224 4069 praeter—rationales
1271 4009 1338 4054 di-

201 4092 396 4157 ¹cuntur,
442 4097 515 4143 hic
549 4104 642 4160 est,
679 4104 727 4146 ut
759 4100 802 4146 si
836 4098 1061 4147 revelatae
1095 4098 1236 4145 semel
1270 4098 1338 4144 fu-

1424 2759 1554 2819 erint,
1566 2759 1657 2805 vim
1669 2758 2010 2817 facultatemque
2022 2758 2207 2804 rationis
2217 2769 2305 2802 non
2317 2762 2541 2817 superent.

1425 2847 1495 2894 Ad
1530 2848 1646 2893 hunc
1680 2861 1815 2908 porro
1840 2849 2074 2893 veritatum
2110 2846 2312 2892 ordinem
2348 2846 2544 2906 pertinet

1423 2938 1645 2984 institutio
1682 2938 1913 2998 primatus

1530 3026 1605 3088 63)
1642 3027 1741 3083 Quo
1786 3026 1991 3071 nimirum
2036 3023 2154 3069 ratio
2189 3025 2390 3084 noverit,
2439 3037 2543 3070 con-

1424 3116 1571 3161 silium
1607 3116 1745 3161 fuisse
1780 3114 1969 3175 Christi,
2005 3118 2054 3158 ut
2086 3113 2289 3171 singulae
2325 3114 2543 3159 ecclesiae

1338 3227 1341 3229 ·
1423 3205 1611 3250 formam
1664 3205 1911 3262 faciemque
1967 3203 2117 3247 unitae
2173 3203 2540 3263 cohaerentisque

1424 3295 1617 3341 familiae
1651 3294 1878 3340 referrent.

1529 3384 1546 3409 ⁶
1560 3385 1604 3446 ⁴)
1643 3383 1774 3429 Cuius
1795 3360 1994 3439 insignes
2014 3386 2167 3427 extant
2185 3380 2540 3440 dissertationes,

1426 3473 1587 3535 quibus
1630 3474 1918 3534 episcopatus
1958 3472 2068 3516 iura
2117 3470 2431 3516 adstruuntur.
2499 3467 2539 3512 A

1425 3564 1587 3623 quibus
1622 3561 1799 3620 seiungi
1833 3573 1924 3618 non
1959 3560 2123 3605 debent
2157 3573 2270 3618 quae
2306 3558 2350 3604 in
2384 3557 2543 3603 Vindi-

1425 3653 1507 3699 ciis
1542 3652 1706 3711 Ignatii
1728 3650 2009 3710 Pearsonius,
2046 3649 2090 3694 in
2116 3648 2282 3694 Codice
2313 3646 2542 3694 Ecclesiae

1422 3742 1676 3802 primitivae
1701 3740 1923 3786 illustrato
1946 3738 2236 3797 Beveregius,
2262 3741 2307 3782 et
2328 3737 2372 3782 in
2396 3736 2540 3796 primo

1423 3830 1582 3890 Origg.
1619 3829 1883 3876 Ecclesiast.
1921 3833 2045 3875 tomo
2081 3826 2299 3885 Bingham
2342 3822 2541 3885 praecla-

1420 3920 1600 3966 rissime
1633 3919 1929 3979 disputarunt.
2010 3917 2132 3973 Quae
2175 3922 2325 3962 tamen
2369 3913 2539 3960 doctri-

1414 4024 1531 4071 nae,
1588 4009 1942 4068 eruditionisque
1986 4005 2259 4067 praestantia
2303 4004 2540 4062 impetrare

1422 4113 1446 4146 a
1504 4098 1856 4159 presbyterianis
1914 4110 2002 4144 non
2058 4095 2235 4158 potuit,
2304 4092 2539 4153 quominus
