2574 4276
1095 168 1337 230 CAPUT
1394 175 1492 230 lv.
2382 175 2444 223 61

148 325 319 386 quutos
343 322 669 384 protestantes
694 317 960 368 reddiderit
995 316 1336 369 modestiores.
1409 316 1570 376 Quare
1607 312 1818 365 Mericus
1856 310 2186 377 CasaubonuS,
2215 327 2280 362 ne
2306 310 2452 377 Opta-

143 416 267 475 tum,
315 424 461 475 quem
498 407 727 459 subiectis
765 410 892 458 notis
931 407 1243 474 explanabat,
1296 406 1456 458 eidem
1487 403 1861 472 reprehensioni
1901 402 2165 453 obnoxium
2201 402 2450 467 fateretur,

145 499 263 550 nihil
300 501 612 566 opportunius
662 498 767 549 fore
806 498 960 566 duxit,
1013 515 1157 565 quam
1195 499 1336 549 incisi
1372 514 1436 549 ex
1472 496 1689 548 eiusdem
1723 494 1857 544 libris
1880 496 1896 519 ⁸
1952 493 2191 559 desumpti
2227 492 2451 559 Optatum

144 596 394 640 auctorem
430 605 632 657 negare,
671 589 886 656 illudque
922 590 1155 656 imperitis
1190 588 1398 640 librariis
1422 587 1674 653 tribuere,
1695 586 1777 652 qui
1813 584 1862 635 id
1900 600 1928 634 e
1966 582 2190 634 codicum
2227 584 2450 650 margine

142 683 191 731 in
227 688 412 732 textum
447 682 791 733 transtulerint.
862 680 1050 746 Ecquid
1085 681 1214 730 enim
1252 680 1547 743 evidentius,
1585 679 1752 743 inquit,
1789 691 1935 742 quam
1971 674 2211 725 eiusmodi
2245 675 2450 725 incisum

144 773 317 839 Optato
355 789 467 825 esse
504 773 910 840 indignissimum,
949 785 1095 836 quum
1131 769 1307 835 fugere
1344 769 1591 819 neminem
1626 768 1795 833 possit,
1834 766 2047 833 Cepham
2082 767 2324 834 syriacam
2365 779 2450 815 vo-

147 880 255 915 cem
292 880 404 916 esse
443 880 541 915 non
577 859 866 931 graecam?¹
925 860 1082 919 Quam
1116 860 1446 910 coniecturam
1478 859 1583 923 ipse
1621 871 1816 923 quoque
1840 857 2128 909 Franciscus
2151 856 2412 919 Balduipus
2434 858 2450 882 ⁹

144 957 330 1022 recepit
365 955 614 1007 scribens:
689 951 863 1019 „Quod
897 949 1040 1016 paulo
1078 955 1190 999 ante
1226 949 1405 1016 legitur
1429 951 1479 1000 in
1504 949 1694 1015 Optat0,
1729 948 1939 1015 Petrum,
1963 950 2092 1015 'quia
2121 948 2451 1016 apostolorum

146 1053 286 1113 caput
326 1046 482 1111 fuerit,
519 1043 807 1110 appellatum
845 1055 958 1092 esse
985 1040 1214 1106 Cepham,
1254 1041 1353 1091 dixi
1387 1039 1500 1091 alibi
1537 1040 1886 1091 soloecismum
1923 1054 2036 1089 esse
2071 1039 2281 1091 hominis
2319 1053 2451 1091 som-

89 1175 91 1177 -
143 1138 315 1187 niantis
351 1151 526 1186 vocem
558 1134 811 1200 syriacam,
851 1147 976 1198 quae
1014 1131 1255 1198 significat
1288 1137 1504 1198 petram,
1544 1146 1657 1182 esse
1693 1144 1928 1196 graecam
1963 1129 2167 1198 κεφαλὴ
2208 1146 2333 1197 quae
2371 1146 2452 1192 ca-

139 1232 223 1292 put
258 1225 509 1292 significat.
586 1223 685 1276 Sed
720 1223 944 1289 suspicor
978 1223 1104 1274 haec
1149 1223 1326 1289 verba,
1371 1222 1508 1273 unde
1544 1229 1591 1272 et
1628 1218 1828 1286 cephas
1864 1219 2152 1285 appellatas
2187 1229 2286 1284 est,
2339 1236 2452 1273 esse

140 1317 333 1382 ineptae
369 1317 570 1367 alicuius
607 1316 805 1383 glossae
846 1315 907 1365 ad
943 1315 1218 1381 marginem
1249 1320 1439 1365 temere
1477 1313 1742 1380 ascriptae,
1794 1318 1843 1363 et
1891 1312 2068 1363 deinde
2106 1312 2193 1363 abs
2243 1313 2451 1364 librariis

141 1387 388 1458 contextui
418 1408 648 1458 insertae.
724 1408 866 1458 Certe
903 1405 1103 1472 Optatus
1141 1405 1265 1456 libro
1300 1405 1506 1471 septimo
1537 1407 1579 1431 ¹⁰
1617 1403 1901 1470 simpliciter
1938 1405 2024 1469 ait,
2072 1402 2267 1454 Petrum
2301 1403 2452 1455 fuisse

139 1504 279 1565 caput
316 1499 672 1565 apostolorum,
714 1514 876 1564 neque
911 1502 1169 1563 praeterea
1207 1497 1466 1562 quicquam
1504 1495 1719 1547 adiicit.“

318 1595 398 1641 40.
473 1591 630 1650 Quum
666 1604 786 1641 vero
824 1603 986 1656 neque
1021 1587 1233 1653 codiceS,
1273 1603 1436 1653 neque
1475 1587 1713 1638 editiones
1749 1587 1864 1638 huic
1889 1587 2154 1653 suspicioni
2178 1587 2451 1653 patrocina-

142 1687 338 1747 rentur,
386 1681 569 1732 idcirco
620 1680 861 1746 Philippus
897 1679 1108 1729 Priorius
1136 1681 1174 1705 ¹¹
1219 1679 1399 1729 nodum
1436 1679 1575 1729 aliter
1611 1678 1971 1745 expediendum
2023 1678 2238 1744 censuit,
2292 1677 2452 1743 deque

144 1788 199 1822 re
236 1778 335 1822 tota
373 1774 443 1823 sic
478 1772 664 1823 statuit:
739 1770 960 1836 „Norunt
996 1785 1168 1822 omnes
1206 1771 1286 1821 vel
1321 1771 1636 1822 mediocriter
1667 1770 1855 1836 eruditi,
1893 1784 2075 1820 nomen
2113 1768 2301 1835 Cephas
2340 1784 2452 1819 esse

144 1864 414 1930 syriacum3
463 1862 662 1929 Optatus
708 1867 873 1912 tamen
920 1877 948 1912 a
988 1863 1183 1928 graecis
1232 1861 1445 1927 derivat,
1495 1858 1603 1914 ἀπὸ
1638 1863 1727 1924 τῆς
1765 1860 2026 1933 κεφαλῆς,
2078 1861 2127 1911 in
2165 1875 2260 1927 quo
2298 1877 2327 1911 a
2361 1861 2453 1911 Ba-

142 1955 282 2005 ronio
319 1954 380 2005 ad
416 1969 593 2004 annum
630 1953 801 2004 XXXI.
840 1968 1151 2021 summopere
1187 1953 1423 2005 laudatur.
1498 1954 1597 2006 Sed
1632 1955 1739 2021 quis
1776 1955 1822 2004 ei
1856 1968 1956 2004 non
1992 1958 2306 2017 succenseat,
2346 1953 2453 2019 quis

142 2059 242 2095 non
282 2044 440 2095 rideat
473 2051 844 2112 praeposterum
865 2045 1059 2096 Baronii
1094 2043 1358 2096 iudicium?
1397 2046 1688 2111 quicumque
1724 2060 1752 2095 e
1788 2044 2008 2096 Patribus
2052 2050 2101 2095 et
2136 2043 2452 2110 scriptoribus

142 2137 348 2202 antiquis
384 2136 657 2203 linguarum
692 2137 909 2187 notitiam
946 2136 1154 2203 aliquam
1178 2136 1467 2201 habuerunt,
1506 2139 1749 2204 syriacum
1776 2150 1888 2187 esse
1916 2150 2088 2186 omnes
2126 2142 2448 2202 agnoverunt.

141 2228 332 2278 Ludere
379 2227 606 2293 equidem
649 2227 839 2278 videtur
882 2227 1083 2294 Optatus
1130 2229 1181 2278 in
1216 2229 1443 2294 nomine,
1494 2227 1688 2278 laudem
1724 2241 1844 2278 vero
1882 2228 2066 2277 mereri
2101 2227 2282 2278 nullam
2317 2233 2448 2293 put0,

147 2319 298 2384 qualis
336 2320 383 2369 ei
419 2317 675 2385 affingitur.
748 2319 891 2371 Addo
930 2322 1075 2371 etiam
1109 2319 1296 2386 puerile
1337 2335 1451 2371 esse
1490 2326 1539 2370 et
1573 2319 1750 2399 nullius
1788 2318 1950 2370 iudicii
1986 2326 2343 2385 commentum,
2397 2335 2453 2369 ac

147 2404 315 2476 parum
362 2409 684 2460 christianum.
757 2410 973 2462 Christus
1022 2393 1152 2461 enim
1194 2410 1340 2461 Jesus
1387 2411 1582 2469 Petrum
1630 2412 1823 2462 vocavit
1870 2411 2110 2478 Cepham,
2167 2418 2219 2461 ut
2266 2417 2452 2477 petram

148 2515 261 2551 esse
301 2500 669 2568 demonstraret,
709 2502 737 2551 ὁ
774 2499 1103 2568 ἑρμηνεύεται
1148 2501 1368 2568 Πέτρος,
1408 2503 1542 2567 quod
1573 2499 1794 2554 Petrum
1827 2502 2104 2572 siqnificat.
2146 2502 2253 2553 Joh.
2293 2502 2326 2552 Ι.
2369 2507 2450 2552 43.

146 2591 234 2642 Hic
269 2606 388 2642 vero
423 2591 673 2658 repudiata
712 2578 941 2659 veritate,
990 2593 1121 2645 falsis
1158 2596 1316 2660 potius
1364 2595 1839 2661 interpretationibus
1887 2594 2147 2660 adhaeret,
2200 2601 2248 2645 et
2294 2610 2450 2661 nuga-

148 2683 298 2749 toriis,
337 2698 479 2749 quam
514 2682 678 2734 verbis
706 2683 880 2735 Christi
903 2683 1110 2737 Domini.
1183 2686 1323 2746 Quod
1361 2687 1507 2737 etiam
1543 2686 1684 2737 affert
1719 2686 1896 2737 eodem
1932 2688 1982 2736 in
2017 2686 2153 2753 loco,
2190 2692 2242 2736 ut
2281 2686 2454 2737 deliria

146 2789 234 2824 sua
271 2779 320 2824 et
355 2774 494 2840 aegri
529 2777 718 2826 somnia
754 2777 993 2844 intrudat,
1043 2793 1081 2829 s.
1123 2778 1416 2845 Gregorium
1461 2779 1813 2829 nazianzenum
1847 2778 2029 2845 pascha
2079 2778 2319 2828 derivare>
2342 2760 2450 2828 α”ἓτὺ

146 2866 239 2915 τοῦ
271 2861 519 2928 πάσχειν,
555 2872 611 2917 ut
656 2873 704 2917 et
741 2868 872 2933 quod
912 2869 972 2920 de
1007 2870 1206 2937 Justino
1246 2874 1460 2934 martyre
1506 2874 1741 2937 nugatur,
1792 2871 1906 2936 quid
1941 2870 2070 2921 aliud
2113 2884 2225 2920 esse
2277 2874 2452 2935 potest,

151 2969 292 3019 quam
323 2970 543 3007 errorem
581 2973 750 3030 errore
789 2958 1056 3010 defendere
1081 2957 1140 3010 2⁴<

326 3039 407 3098 41.
483 3048 636 3108 Quam
675 3064 771 3116 ego
796 3052 1194 3102 'controversiam
1227 3052 1310 3102 vix
1334 3054 1802 3105 commemoratione
1842 3054 2040 3121 dignam
2078 3055 2454 3119 existimassem,

251 3220 294 3282 ⁸)
327 3221 518 3287 Idipsum
557 3238 733 3284 quoque
766 3227 950 3284 negavit
981 3226 1257 3271 Marcellinus
1341 3228 1527 3273 Romani
1577 3228 1801 3274 Pontificis
1854 3230 1991 3276 latine
2044 3236 2089 3276 et
2131 3231 2293 3289 gallice
2346 3220 2455 3276 editi

153 3306 435 3356 Molkenbuhr
479 3314 524 3358 in
569 3314 910 3374 dissertatione,
956 3311 1029 3359 An
1068 3314 1256 3374 Cephas,
1343 3329 1456 3361 anno
1496 3315 1638 3362 1770.
1705 3317 1862 3364 Dictae
1899 3319 2005 3364 crisi
2041 3316 2327 3364 subscribo.“

152 3397 229 3456 qui
271 3411 301 3441 a
343 3398 483 3446 Paulo
525 3403 851 3462 reprehensus,
903 3403 962 3447 sit
1002 3418 1054 3447 s..
1083 3402 1256 3463 Petrus,
1448 3404 1492 3466 ⁹)
1529 3404 1759 3451 Annotatt.
1783 3407 1827 3451 in
1849 3381 2009 3452 librum
2033 3395 2272 3452 secundum
2288 3406 2452 3467 Optati.

152 3484 351 3530 scribens
384 3501 425 3532 n.
450 3487 538 3534 33:
594 3491 676 3551 „Si
713 3490 784 3550 id,
831 3490 950 3548 quod
986 3490 1061 3535 hic
1103 3505 1259 3550 paren·
1451 3492 1519 3554 ¹⁰)
1572 3493 1721 3552 Optati
1771 3495 1906 3541 verba
1959 3496 2072 3540 libro
2125 3496 2315 3554 septimo
2368 3497 2452 3541 ista

154 3572 268 3617 thesi
304 3573 607 3634 interpositum
643 3584 725 3639 est,
761 3591 797 3623 S.
836 3578 984 3637 Optati
1020 3580 1158 3624 textui
1194 3581 1259 3625 in·
1341 3585 1471 3626 sunt:
1529 3581 1709 3642 „Potuit
1757 3583 1907 3642 utique
1961 3589 2092 3642 caput
2149 3585 2453 3643 apostolorum

152 3660 285 3706 docta
334 3675 462 3707 manu
504 3677 591 3710 non
637 3666 696 3711 sit
743 3665 966 3725 additum,
1022 3667 1256 3713 dicendum
1340 3669 1400 3714 ita
1437 3682 1485 3714 se
1521 3670 1788 3731 gubernare,
1833 3675 1883 3714 ut
1916 3669 2024 3715 nihil
2059 3672 2302 3718 incurreret
2336 3673 2454 3732 quod

151 3749 292 3810 foret,
327 3749 441 3794 hunc
474 3749 643 3799 Patrem
676 3755 867 3799 nominis
902 3754 1082 3814 Kephas
1116 3756 1258 3814 origi·
1341 3756 1538 3803 doleret:
1592 3758 1673 3820 sed
1715 3758 1818 3803 ideo
1866 3759 1911 3803 in
1955 3771 2042 3804 uno
2086 3758 2216 3806 titulo
2263 3759 2332 3820 (in
2368 3774 2454 3806 uno

151 3850 249 3882 nem
285 3836 470 3882 duxisse
494 3851 519 3882 a
542 3851 853 3900 vocegraeca
888 3836 1088 3904 κεφαλή,
1124 3843 1257 3906 idest,
1339 3845 1548 3907 peccato)
1602 3847 1698 3891 eius
1745 3846 1879 3892 multa
1925 3847 2132 3894 videntur
2176 3854 2351 3909 errata,
2408 3855 2456 3894 ut

155 3930 323 3984 capam
378 3937 475 3969 cum
522 3929 667 3973 tamen
718 3930 850 3976 radix
903 3932 1033 3977 vocis
1081 3931 1257 3991 Kephas
1339 3935 1486 3993 possit
1519 3934 1698 3979 ostendi
1734 3934 2070 3983 bonounitatis
2106 3938 2256 3983 omnia
2291 3936 2453 3982 debere

156 4027 182 4057 a
218 4011 394 4059 Christo
428 4013 629 4072 prolatae
662 4017 724 4063 sit
754 4031 847 4065 vox
882 4020 1059 4078 syriaca
1087 4019 1262 4081 Kapha,
1343 4021 1438 4071 Deo
1471 4019 1692 4068 servari.“
1720 4064 1722 4067 .

160 4099 300 4163 idest,
330 4108 479 4162 petra.
552 4103 616 4150 Ita
653 4111 808 4153 auctor
840 4107 944 4154 libri
979 4108 1034 4155 de
1068 4108 1262 4157 Primatu
1453 4110 1524 4174 ¹¹)
1561 4110 1608 4157 In
1641 4110 1839 4159 subiecta
1876 4112 2180 4160 adnotatione.
2246 4172 2249 4175 ι
