2574 4276
177 137 247 187 28
1059 131 1617 188 PROLEGOMENA

174 283 300 329 rent.
373 277 473 331 Sed
509 276 768 345 superbam
806 276 1162 344 scripturarum
1204 273 1531 340 corruptelam
1565 273 1902 342 InnocentiuS,
1949 276 2197 344 Zosimus,
2246 276 2484 344 GelasiuS,

174 368 527 437 HieronmeS,
562 369 890 436 Augustinus,
939 368 1167 431 OrosiuS,
1215 364 1460 416 africanae
1495 365 1667 433 synodi
1705 365 1821 417 inde
1856 366 2151 421 validissime
2185 369 2484 437 repulerunt,

176 460 307 528 quod
342 476 401 511 ea
434 459 637 526 probata
655 500 668 526 ,
705 465 923 509 textuum
962 455 1222 524 ὁμολογία
1259 449 1642 507 Subverteretur.
1714 456 1776 507 Ut
1811 457 1931 509 duas
1966 458 2143 512 Christi
2178 458 2487 522 ὑποστάσεις

176 551 488 602 confirmaret
522 549 802 613 NestoriuS,
853 563 913 598 ea
962 546 1293 614 congerebat,
1345 562 1472 614 quae
1522 562 1622 598 non
1667 547 1811 599 aliam
1842 547 2059 601 Verbum
2103 553 2256 620 inter,
2299 567 2489 605 assum-

171 648 402 709 ptamque
438 656 637 692 carnem
673 636 952 706 significare
990 636 1179 690 ἕνωσιν
1214 638 1511 705 viderentur,
1551 653 1696 705 quam
1736 655 1862 706 quae
1899 636 2110 704 σχετικὴ
2148 650 2295 711 esset,
2337 651 2387 696 et
2425 644 2487 696 ad

172 733 373 785 honoris
422 730 743 796 consortium,
797 730 1197 798 voluntatumque
1250 732 1662 797 conspirationem
1710 733 1995 797 pertineret.
2071 731 2171 786 Sed
2201 736 2489 803 interpreta-

170 827 315 876 tionis
362 823 522 873 labem
571 821 777 889 Cyrillus
830 822 1053 889 detexit,
1098 824 1256 889 iisque
1310 830 1476 875 mutuo
1536 823 1724 875 collatis
1780 838 1905 889 quae
1970 823 2032 875 de
2082 825 2266 877 unitate
2313 825 2489 880 Christi

174 916 451 981 scripturae
485 912 693 980 docent,
736 913 994 981 patefecit,
1034 915 1366 967 nestorianam
1404 914 1682 983 ἑρμηνείαν
1716 916 1856 967 reiici
1893 917 2093 968 omnino
2131 916 2388 983 debuisse,
2425 933 2490 970 ne

170 1006 358 1057 illarum
395 1000 629 1072 άρμονία
665 1007 714 1057 in
761 1007 1013 1060 dissonum
1058 1007 1311 1073 strepitum
1360 1013 1748 1073 converteretur.
1821 1008 1927 1060 Hoc
1966 1010 2144 1061 eodem
2179 1009 2373 1062 innixus
2411 1025 2491 1062 ca-

168 1112 299 1148 none
338 1096 508 1148 scribit
536 1100 578 1124 ¹⁰
619 1097 771 1150 Jahn:
846 1099 1059 1166 „Omnia
1095 1099 1176 1150 illa
1214 1098 1438 1164 artificia,
1478 1097 1652 1165 quibus
1688 1102 1994 1154 recentiores
2032 1102 2258 1169 quipiam,
2301 1103 2382 1169 qui
2412 1118 2491 1155 ra-

167 1189 442 1266 tionalistae
471 1191 512 1216 ¹¹
556 1188 651 1241 dici
688 1198 866 1258 amant,
902 1192 1082 1243 donum
1115 1192 1391 1260 linguarum
1418 1190 1855 1243 extraordinarium
1892 1194 1941 1244 in
1967 1194 2266 1245 ordinarium
2302 1200 2491 1246 mutare

169 1282 331 1333 conati
365 1287 503 1347 sunt,
542 1297 668 1333 vana
704 1298 818 1335 esse
857 1291 1082 1352 apparet,
1120 1286 1163 1337 si
1200 1285 1395 1336 diversa
1429 1283 1539 1335 loca
1567 1286 1608 1310 ¹²
1652 1283 2018 1336 conferantur.“
2088 1285 2149 1338 Et
2184 1300 2324 1337 mox:
2385 1286 2490 1352 „lta

169 1390 394 1443 quoque,
431 1376 474 1426 si
510 1375 672 1426 omnia
709 1375 842 1442 loca,
890 1378 939 1427 in
979 1375 1153 1444 quibus
1187 1376 1332 1428 Jesus
1369 1375 1431 1427 de
1468 1390 1555 1428 sua
1591 1376 1786 1443 propria
1825 1376 2060 1444 dignitate
2096 1376 2331 1444 loquitur,
2371 1392 2490 1429 con-

167 1467 299 1519 feras
328 1469 391 1533 ¹³,
435 1466 692 1518 miraberis
730 1482 845 1519 esse
882 1482 1056 1535 posse,
1109 1469 1190 1535 qui
1227 1468 1525 1520 divinitatem
1563 1468 1668 1519 eius
1703 1469 2014 1535 impugnant,
2062 1474 2112 1521 et
2145 1468 2256 1521 loca
2293 1484 2489 1537 quoque

168 1558 501 1627 apostolorum
539 1558 600 1609 de
638 1558 732 1610 hac
767 1561 873 1627 ipsa
909 1561 1106 1627 agentia
1140 1566 1433 1627 pervertere
1469 1559 1716 1610 student.“

346 1678 426 1724 36.
499 1672 622 1725 Huic
658 1679 823 1726 autem
858 1675 1065 1743 regulae
1098 1691 1126 1726 e
1162 1691 1219 1726 re
1258 1673 1365 1726 fore
1398 1679 1515 1741 puto
1552 1673 1750 1724 tertiam
1785 1671 2059 1739 subiicere,
2109 1689 2237 1741 quae
2280 1688 2391 1727 cum
2429 1691 2490 1729 ea

165 1766 334 1818 intime
380 1766 616 1833 nectitur,
665 1773 811 1834 atque
856 1766 1022 1819 efferri
1062 1770 1134 1821 sic
1170 1773 1360 1836 potest:
1435 1763 1827 1833 „inspiciendum
1864 1763 2038 1816 sedulo
2076 1780 2218 1833 esse,
2262 1773 2423 1818 utrum
2460 1783 2489 1820 e

164 1859 407 1927 pluribus,
435 1856 438 1859 ’
462 1874 588 1925 quae
634 1857 696 1909 de
744 1858 921 1910 eodem
969 1859 1191 1912 subiecto
1241 1860 1551 1910 continentur
1598 1858 1647 1908 in
1683 1856 1867 1924 bibliis,
1916 1873 2066 1909 unum
2103 1858 2374 1910 alterumve
2410 1859 2487 1927 sit,

167 1952 297 2020 quod
332 1952 510 2003 ceteris
548 1951 892 2018 perspicuitate
929 1958 1077 2020 atque
1115 1951 1428 2019 amplitudine
1477 1948 1762 2016 antecellat,
1810 1966 1868 2001 ac
1912 1950 2130 2017 palmare
2175 1956 2225 2002 et
2270 1950 2487 2002 omnium

168 2044 586 2097 evidentissimum
636 2044 810 2095 merito
857 2045 1176 2096 existimetur.
1249 2043 1302 2094 Id
1350 2043 1480 2095 enim
1517 2044 1558 2094 si
1599 2042 1885 2109 contigerit,
1936 2057 2058 2110 opus
2095 2057 2232 2110 esse,
2279 2049 2333 2094 ut
2369 2042 2487 2095 illud

164 2152 369 2188 normae
422 2137 574 2188 instar
621 2136 884 2204 habeatur,
932 2136 994 2188 ad
1038 2151 1185 2203 quam
1227 2135 1416 2202 reliqua
1462 2140 1700 2202 quotquot
1741 2141 1854 2187 sunt
1901 2135 2087 2202 omnia,
2133 2135 2486 2187 revocentur.“

165 2229 310 2283 Cuius
352 2229 553 2281 canonis
602 2235 772 2280 auctor
819 2235 895 2280 est
929 2228 1233 2297 Augustinus
1263 2230 1325 2294 ¹⁴,
1377 2228 1458 2294 qui
1503 2227 1650 2278 totius
1689 2226 1968 2294 Scriptus-ae
1999 2227 2264 2279 lectionem
2298 2227 2484 2279 idcirco

165 2322 423 2390 praecipit,
471 2326 557 2388 „ut
591 2321 653 2373 ad
688 2321 1000 2373 obscuriores
1035 2321 1309 2372 locutiones
1343 2319 1653 2371 illustrandas
1689 2319 1750 2370 de
1787 2318 2199 2371 manifestioribus
2236 2325 2487 2372 sumantur

278 2510 349 2572 ¹⁰)
382 2509 607 2559 Euchirid.
645 2509 690 2571 §-
718 2506 897 2557 xxvu.
1365 2509 1467 2555 0011.
1503 2508 1537 2555 1.
1574 2509 1755 2571 4—8,
1803 2508 1858 2555 x.
1892 2508 2137 2570 44—46,
2183 2507 2302 2555 xlx.
2340 2508 2395 2570 6,
2440 2512 2487 2554 et

1364 2597 1397 2644 I.
1425 2596 1528 2644 Cor.
1564 2597 1683 2644 XIV.
1720 2597 1798 2644 22.

277 2687 347 2748 ¹¹)
383 2687 569 2734 Videtur
604 2687 711 2733 mihi
746 2699 876 2733 nemo
913 2686 1189 2733 manifestius
1216 2701 1286 2733 ra-

166 2777 411 2823 tionalistis
434 2776 702 2837 praelusisse
720 2789 850 2835 quam
868 2776 1116 2822 Ludovicus
1135 2777 1285 2835 Meyer

166 2867 210 2912 in
257 2865 591 2911 Exercitatione
643 2865 906 2927 paradoxa,
960 2880 1091 2926 quam
1145 2866 1285 2912 edidit

169 2967 283 3000 anno
323 2953 474 3015 1666,
523 2958 568 3000 et
613 2955 683 2999 cui
726 2954 897 3000 titulum
933 2955 1069 3001 feeit:
1122 2955 1282 3002 Philo-

165 3044 329 3106 sophia
371 3044 640 3104 scripturae
685 3045 924 3104 interpres.
1002 3045 1125 3091 Hanc
1158 3060 1285 3091 exer-

166 3133 427 3179 citationem
464 3132 752 3178 acerbissime
785 3133 993 3179 insectati
1038 3139 1139 3180 sunt
1182 3134 1284 3180 Rei-

166 3235 296 3268 nerus
347 3222 611 3280 Vogelsang
669 3222 714 3266 in
767 3221 979 3281 opusculo
1037 3222 1277 3284 inscripto,

165 3312 430 3373 Indiqnatio
462 3312 585 3357 iusta
620 3317 782 3357 contra
816 3310 1019 3357 libellum
1054 3313 1131 3358 cui
1166 3314 1278 3358 titu-

168 3401 262 3458 lus,
309 3400 600 3462 Philosophia
643 3415 679 3446 s.
716 3400 988 3460 Smipturae
1031 3402 1282 3462 interpres,-

167 3494 211 3535 et
244 3489 395 3535 Petrus
431 3489 634 3536 Serarius
661 3490 706 3534 in
729 3489 1036 3548 Responsione
1061 3490 1118 3536 ad
1139 3490 1281 3536 Exer-

168 3578 425 3624 citationem
458 3578 748 3639 paradoxam,
785 3591 868 3638 qua
892 3577 1176 3637 philosophia
1199 3593 1280 3639 pro

167 3665 387 3711 infallibili
437 3679 474 3738 s:
525 3667 698 3713 litteras
755 3666 1074 3727 interpretandi
1125 3680 1279 3714 norma

169 3754 269 3800 orbi
305 3753 545 3800 christiano
581 3755 845 3802 obtruditur.

278 3929 350 3992 12)
403 3930 527 3987 Quae
570 3932 695 3991 plura
738 3933 919 3979 omnino
967 3937 1069 3979 sunt
1101 3936 1147 3978 et
1180 3946 1280 3993 per-

175 4019 354 4080 spicua,
402 4020 533 4066 Marc.
568 4021 686 4066 XVI.
726 4020 810 4079 17,
857 4022 958 4067 Act.
992 4021 1045 4067 11.
1081 4020 1281 4082 4-12,

1479 2686 1548 2748 ¹³)
1585 2687 1715 2743 Quod
1740 2686 1998 2732 Prudentius
2024 2685 2230 2731 Maranus
2264 2685 2309 2733 in
2343 2684 2485 2745 priori

1366 2782 1493 2836 parte
1543 2776 1704 2822 eruditi
1760 2776 1908 2836 operis
1962 2774 2161 2834 inscripti
2180 2808 2193 2835 ,
2249 2773 2484 2820 Divinitas

1366 2865 1557 2911 Domini
1582 2866 1733 2911 ‘nostri
1766 2864 1877 2911 Jesu
1903 2864 2067 2910 Christi
2100 2862 2399 2921 manifestata
2432 2864 2483 2909 in

1366 2954 1619 3015 Scripturis
1653 2960 1698 3000 et
1734 2954 2002 3000 Traditione
2035 2951 2203 2998 affatim
2243 2952 2481 3012 praestitit.

1367 3044 1552 3103 Semper
1595 3043 1711 3088 enim
1754 3043 1911 3088 haberi
1945 3042 2002 3088 ob
2039 3041 2194 3087 oculos
2239 3040 2374 3086 debet
2407 3054 2482 3086 ca-

1365 3145 1481 3194 non,
1552 3146 1681 3191 quem
1736 3131 1813 3177 lib.
1860 3131 1894 3177 I.
1953 3135 2107 3177 contra
2164 3129 2379 3176 Severum
2437 3134 2483 3176 et

1367 3221 1646 3267 Timotheum
1695 3220 1972 3280 haereticOS,
2029 3219 2247 3264 referente
2293 3218 2478 3279 Photio,

1363 3310 1580 3369 Eulogius
1625 3310 1796 3355 sanxit:
1850 3300 1934 3368 Μὴ
1979 3305 2071 3352 δεῖν
2117 3306 2167 3352 ἐκ
2212 3304 2377 3370 μέρους
2420 3299 2480 3354 τοὶ

1363 3392 1700 3462 συγγράμματα
1723 3395 1896 3456 κρίνειν,
1919 3393 2035 3458 μηδὲ
2058 3387 2478 3459 ἄποσπαράγματά

1363 3503 1466 3535 τινα
1510 3479 1856 3551 λαμβάνοντας,
1901 3477 1978 3530 διά
2024 3477 2198 3531 τούτων
2241 3478 2326 3545 τήν
2367 3475 2478 3545 ὅλην

1364 3573 1448 3624 τοῦ
1481 3569 1739 3640 γράφοντος
1772 3565 2079 3637 ἐνδιαβάλλων
2111 3565 2338 3620 διάνοιαν·
2380 3576 2477 3626 τοῖς

1362 3659 1452 3729 γάρ
1498 3657 1719 3717 τοιούτοις
1764 3661 1842 3709 καὶ
1886 3654 1912 3708 ὁ
1959 3655 2202 3725 προφήτης
2253 3658 2476 3722 ἐπαφίησι

1363 3748 1446 3816 τήν
1479 3745 1614 3817 ἀράν,
1653 3744 1772 3798 Οὐαὶ
1805 3756 1902 3805 τοῖς
1934 3742 2286 3814 προφητεύουσι,
2320 3745 2472 3810 λέγων,

1364 3835 1461 3890 ἀπὸ
1507 3839 1700 3906 καρδίας
1745 3831 1920 3896 αὐτῶν,
1966 3838 2043 3886 καὶ
2076 3832 2131 3887 ‘to
2163 3829 2375 3885 καθόλου
2407 3830 2474 3898 μή

1363 3929 1592 3996 βλέπουσι.

1472 4020 1543 4081 ¹⁴)
1575 4019 1640 4066 De
1674 4018 1816 4064 doctr.
1852 4017 2003 4063 christ.
2038 4016 2114 4062 lib.
2139 4015 2191 4061 11.
2228 4027 2325 4075 cap.
2350 4013 2423 4059 lx.

2564 3830 2574 4034 l

2560 4043 2568 4179 ἕ

2556 4203 2564 4276 l
