2574 4276
958 52 967 66 ’
1010 96 1251 151 CAPUT
1322 98 1390 153 x.
2246 104 2346 151 515

46 253 252 309 graecus
283 237 509 294 Matthaei
542 237 810 302 interpres,
870 236 1110 302 siquidem
1159 242 1366 301 utroque
1420 236 1469 285 in
1514 234 1734 285 membro
1779 250 1928 285 unum
1963 235 2195 302 idemque
2229 238 2342 288 sub-

44 333 220 389 iectum
255 327 577 395 significatum
617 326 783 392 voluit,
820 327 1026 392 primum
1063 332 1268 394 πέτρον,
1304 341 1362 377 ac
1399 328 1590 391 πέτραν
1625 325 1801 376 deinde
1837 325 1951 377 illud
1982 329 2344 393 nuncupaverit.

216 418 439 485 Denique
475 418 532 468 V.
570 424 667 468 tam
700 432 793 469 usu
830 416 1065 483 loquendi
1099 433 1244 484 quam
1281 422 1496 483 spectato
1535 418 1907 483 comparationis
1942 418 2152 468 termino
2177 417 2344 484 liquet,

40 509 270 574 formula,
309 509 391 560 ἐπὶ
427 506 582 576 ταύτῃ
618 509 678 575 τῇ
710 511 874 574 πέτρα
911 504 1244 574 οἰκοδομήσω
1281 525 1385 574 μου
1421 502 1512 569 τὴν
1546 507 1848 569 ἐκκλησίαν,
1886 514 2055 574 suapte
2091 514 2261 559 natura
2296 508 2346 559 id

41 601 244 666 exprimi
278 614 374 666 quo
411 598 683 650 aedificium
716 604 1014 650 sustentatur
1050 614 1108 649 ac
1141 599 1357 665 regitur,
1418 597 1690 649 nullatenus
1738 614 1860 650 vero
1906 598 1956 648 id
2001 600 2139 651 cuius
2186 599 2344 650 studio

39 691 266 755 curisque
312 689 658 740 aedificationis
706 703 830 754 opus
872 689 1142 755 suscipitur.
1214 689 1398 740 Verum
1432 704 1580 755 quum
1614 687 1760 740 fixum
1801 689 2176 755 protestantibus
2213 696 2348 741 esset

0 793 3 848 ς
38 797 65 832 a
104 779 246 831 Petro
285 795 458 831 munus
496 780 877 846 dignitatemque
913 779 1211 830 fundamenti
1247 779 1551 843 abiudicare,
1606 778 1723 829 nihil
1758 794 1857 829 non
1881 783 1924 807 ¹⁵
1962 785 2246 845 tentarunt,=
2294 786 2346 830 ut

37 878 205 922 contra
240 871 472 938 loquendi
504 886 663 936 usum,
698 871 988 937 insitamque
1024 869 1388 937 metaphoricae
1423 870 1718 937 loquutionis
1745 876 2050 936 potestatem,
2087 870 2343 921 formulam

33 963 116 1014 ἐπὶ
170 959 326 1029 ταύτῃ
370 963 430 1029 τῇ
476 965 640 1027 πέτρᾳ
686 958 1019 1028 οἰκοδομήσω
1067 979 1172 1027 μου
1216 957 1309 1022 τήν
1353 961 1654 1027 ἐκκλησίαν,
1715 961 1777 1012 ad
1830 960 2151 1012 aedificatoris
2201 977 2339 1028 opus,

33 1054 310 1120 primasque
346 1053 396 1103 in
431 1051 652 1103 aedificio
695 1052 992 1104 exstruendo
1026 1058 1190 1118 partes
1225 1053 1587 1118 detorquerent.
1656 1051 1807 1118 Igitur
1842 1067 1938 1104 non
1983 1053 2138 1118 aptius
2183 1052 2337 1118 philo-

6 1139 209 1210 ¹logicis
241 1142 451 1210 reguliS‚
511 1159 655 1209 quam
705 1143 1032 1210 grammaticis
1067 1142 1424 1210 rhetoricisque
1460 1143 1726 1194 canonibus
1762 1144 1811 1194 in
1847 1158 1937 1194 suo
1975 1143 2167 1195 edendo
2204 1160 2339 1196 com-

35 1235 269 1286 mentario
308 1240 633 1301 protestantes
665 1234 1073 1300 obtemperarunt.

214 1331 325 1378 139.
398 1326 470 1378 De
507 1326 682 1395 loqicis
719 1333 880 1378 autem
910 1330 1197 1390 praeceptis
1233 1324 1294 1376 ab
1330 1324 1506 1376 iisdem
1543 1323 1756 1391 violatiS,
1816 1339 1899 1375 res
1942 1331 2018 1376 est
2061 1325 2187 1376 adeo
2229 1341 2341 1393 per-

35 1419 199 1485 spicua
234 1424 286 1468 ut
322 1418 480 1469 solum
517 1419 650 1469 innui
686 1433 744 1468 ac
778 1417 946 1484 paucis
982 1416 1258 1467 adumbrari
1294 1415 1484 1466 debeat.
1568 1414 1830 1466 Enimvero
1879 1416 2130 1482 disciplina
2179 1417 2340 1484 logica

31 1510 279 1576 praecipit,
316 1509 349 1560 I.
388 1525 452 1560 ne
487 1507 718 1577 ἁρμονία
755 1523 848 1575 qua
872 1521 942 1559 se
979 1507 1225 1573 excipiunt
1260 1506 1490 1557 orationis
1524 1512 1713 1573 parteS,
1753 1506 1910 1558 fallaci
1941 1508 2340 1573 interpretatione

34 1599 373 1651 conturbetur:
434 1599 490 1650 II.
538 1616 601 1651 ne
648 1599 843 1666 propria
880 1604 1127 1664 tamquam
1163 1598 1440 1660 communia
1475 1596 1771 1648 habeantur:
1831 1597 1905 1648 111.
1944 1614 2007 1648 ne
2044 1598 2228 1667 similia
2253 1614 2341 1665 pro

0 1690 230 1757 iisdem,
291 1706 350 1741 ac
398 1690 646 1742 dissimilia
695 1705 785 1756 pro
834 1689 1070 1741 similibus
1119 1674 1444 1756 usurpentur:
1505 1689 1582 1740 IV.
1636 1704 1700 1739 ne
1757 1688 2072 1740 brevissimo>
2107 1690 2339 1740 orationis

31 1781 211 1833 ambitu
258 1796 431 1833 omnes
480 1781 835 1848 propemodum
878 1779 1151 1832 anomaliae
1188 1780 1430 1831 sermonis
1468 1779 1708 1831 adhibitae
1747 1780 2110 1831 existimentur:
2170 1796 2229 1831 ac
2275 1796 2338 1831 ne

29 1871 87 1922 V.
123 1872 184 1923 de
222 1874 271 1923 vi
306 1878 450 1939 atque
488 1872 796 1939 amplitudine
835 1871 1027 1922 divinae
1065 1871 1402 1937 promissionis
1441 1887 1504 1922 ex
1539 1871 1720 1937 aliquot
1755 1870 1913 1922 solum
1960 1869 2125 1935 factiS,
2179 1872 2338 1936 iisque

34 1977 121 2030 pro
160 1963 406 2015 voluntate
442 1964 662 2031 delectiS,
700 1964 944 2015 sententia
978 1963 1306 2028 iudiciumque
1331 1961 1525 2013 feratur.
1577 1961 1724 2028 Atqui
1758 1961 1931 2012 horum
1968 1967 2342 2027 praeceptorum

33 2053 215 2105 nullum
253 2060 328 2105 est
365 2055 495 2121 quod
529 2060 853 2120 protestantes
891 2069 991 2105 non
1027 2053 1225 2105 violent.
1582 2117 1587 2120 Π
2231 2110 2235 2123 ÷

210 2144 403 2217 Etenim
438 2145 471 2196 Ι.
507 2145 683 2211 verba,
733 2141 885 2212 κάγώ
924 2143 983 2196 δὲ
1019 2145 1103 2196 σοὶ
1138 2144 1300 2210 λέγω,
1360 2142 1439 2195 ὅτι
1476 2140 1541 2194 σύ
1577 2139 1625 2195 εἶ
1657 2141 1886 2211 Πέτρος,
1947 2143 2034 2195 καὶ
2067 2142 2151 2194 ἐπὶ
2185 2139 2341 2211 ταύτῃ

35 2236 94 2302 τῇ
129 2239 290 2302 πέτρᾳ
327 2232 662 2302 οἰκοδομήσω
697 2254 802 2303 μου
837 2234 931 2298 τήν
968 2235 1268 2299 ἐκκλησίαν,
1319 2236 1385 2286 ita
1422 2236 1710 2286 enarrant¹⁶
1749 2240 1802 2285 ut
1836 2234 2046 2285 funditus
2081 2232 2341 2301 ἁρμονίαν

33 2326 346 2392 conturbent,
408 2342 503 2393 qua
562 2342 671 2378 cum
730 2325 1053 2379 antecedente
1100 2327 1228 2378 Petri
1282 2328 1605 2393 responsione
1660 2325 2007 2376 devinciuntur.
2092 2325 2170 2376 Ad
2216 2325 2341 2376 haec

36 2415 91 2466 ll.
119 2431 242 2482 quae
267 2420 307 2443 ¹⁷
337 2416 464 2468 Petri
488 2423 600 2468 sunt
623 2419 833 2484 propria,
861 2434 1084 2485 quaeque
1110 2418 1290 2484 verbiS,
1329 2418 1416 2469 καὶ
1439 2418 1520 2469 ἐπὶ
1545 2417 1701 2485 ταύτῃ
1724 2419 1785 2485 τῇ
1811 2419 1972 2483 πέτρᾳ
2009 2414 2342 2483 οἰκοδομήσω

31 2525 137 2574 μου
174 2502 264 2569 τὴν
294 2507 593 2570 ἐκκλησίαν,
644 2508 733 2560 καὶ
769 2508 929 2562 δώσω
965 2510 1047 2560 σοὶ
1082 2508 1173 2570 τοὶς
1208 2508 1345 2569 κλεῖς
1379 2511 1467 2571 τῆς
1501 2507 1769 2576 βασιλείας
1806 2509 1911 2559 τῶν
1947 2505 2216 2574 οὐρανῶν,
2276 2507 2343 2558 illi

30 2594 114 2648 uni
152 2599 516 2664 promittuntur,
580 2600 651 2650 sic
698 2599 938 2668 accipiunt
985 2606 1037 2651 ut
1074 2599 1304 2667 apostolis
1342 2599 1566 2651 omnibus
1604 2600 1878 2651 communia
1915 2598 2066 2649 fuisse
2102 2604 2340 2649 tueantur.

30 2686 238 2738 Rursum
274 2689 349 2739 ΙΙΙ.
388 2690 436 2739 in
468 2689 616 2755 lociS,
662 2706 785 2757 quos
825 2678 1085 2757 parallelos
1125 2697 1301 2751 vocant
1322 2693 1364 2717 ¹³
1407 2690 1680 2757 deligendis
1718 2691 1783 2741 ita
1819 2695 2099 2755 versantur,
2145 2695 2198 2740 ut
2233 2689 2340 2755 plus

33 2779 187 2831 semel
222 2779 394 2830 similia
429 2795 519 2846 pro
569 2781 775 2843 iisdem,
834 2797 894 2833 ac
937 2782 1086 2833 multo
1136 2783 1331 2848 saepius
1380 2782 1631 2833 dissimilia
1675 2779 1765 2848 pro
1810 2781 2043 2833 similibus
2091 2787 2339 2847 usurpent.

31 2869 292 2922 Praeterea
328 2872 405 2921 IV.
456 2887 602 2938 quum
649 2887 816 2923 sermo
865 2873 1041 2925 Christi
1086 2874 1390 2940 paucissimis
1435 2875 1738 2924 contineatur
1785 2872 1973 2937 verbiS,
2036 2865 2340 2937 duorumque

33 2968 323 3013 commatum
382 2962 560 3013 ambitu
620 2963 925 3033 absolvatur,
985 2967 1068 3016 vix
1116 2981 1215 3017 non
1260 2965 1451 3032 singula
1499 2965 1718 3016 eiusdem
1766 2963 2000 3014 vocabula
2045 2960 2339 3028 οὶνωμαλώς

30 3052 346 3119 intelligenda
384 3069 498 3106 esse
536 3054 859 3111 contendunt:
895 3054 1190 3119 οὶνωμαλῶς
1225 3056 1500 3124 intelligunt
1533 3055 1817 3123 particulam
1854 3054 1994 3106 καῖε
2042 3051 2338 3119 ἁνωμαλῶς

30 3158 304 3207 pronomen
339 3143 574 3214 ταύτῃ.·
624 3142 922 3214 οὶνωμαλῶς
954 3131 1224 3212 formulam,
1263 3148 1346 3198 ἐπὶ
1381 3147 1537 3216 ταύτῃ
1574 3148 1633 3215 τῇ
1666 3150 1827 3211 πέτρᾳ
1864 3142 2198 3210 οἰκοδομήσω
2235 3161 2339 3210 μου

30 3227 123 3295 τήν
157 3233 453 3297 ἐκκλήσίανε
517 3234 817 3304 οἱνωμαλῶς
853 3240 1011 3309 ipsum
1034 3241 1076 3266 ¹⁹
1118 3240 1203 3301 τῆς
1238 3238 1509 3301 ἐκκλησίας
1543 3253 1752 3289 nomen:
1791 3242 1840 3287 et
1878 3233 2175 3302 οὶνωμαλῶς
2199 3235 2340 3300 phra-

32 3326 138 3390 sim,
178 3326 264 3376 καὶ
300 3320 334 3377 ὃ
369 3326 464 3378 ἐοὶν
499 3325 672 3396 δήσῃς,
713 3330 802 3382 καὶ
838 3323 870 3380 ὃ
904 3327 997 3381 &dv
1031 3326 1202 3398 λύσῃς,
1241 3345 1384 3396 quam
1410 3330 1471 3380 ad
1502 3344 1674 3381 munus
1698 3327 1939 3379 retinendi
1963 3325 2338 3391 remittendique

31 3422 256 3482 peccata,
317 3417 398 3474 vel
443 3419 732 3485 prohibendi
779 3421 1154 3487 permittendive
1200 3422 1614 3472 circumscribunt.
1687 3420 1815 3470 Fieri
1851 3419 1997 3485 igitur
2030 3432 2128 3467 non
2163 3423 2337 3483 potest,

33 3515 85 3559 ut
127 3525 235 3559 cum
271 3509 446 3576 logicis
481 3514 755 3579 praeceptis
797 3513 1174 3563 commentarius
1211 3514 1576 3578 protestantium
1616 3510 1912 3562 concilietur.

214 3605 327 3652 140.
401 3600 494 3661 Qui
529 3617 638 3654 cum
677 3601 923 3654 historiae
959 3603 1219 3654 adiunctis
1256 3617 1418 3669 neque
1443 3603 1598 3670 aptius
1621 3616 1783 3668 neque
1808 3599 1996 3651 felicius
2022 3599 2336 3666 componitur.

145 3758 216 3819 ¹⁵)
277 3758 445 3805 Horum
501 3767 737 3808 conatuum
801 3762 1026 3821 specimen
1077 3768 1149 3810 sat
1339 3762 1411 3823 ¹⁸)
1461 3762 1622 3808 Tantus
1670 3766 1740 3806 est
1783 3761 1983 3806 locorum
2030 3759 2338 3819 parallelorum

37 3845 224 3904 amplum
259 3845 305 3891 in
339 3847 434 3892 Poli
470 3848 666 3909 synopsi
700 3850 948 3896 exhibetur.
1231 3849 1419 3909 abusus,
1455 3855 1503 3896 ut
1535 3850 1681 3896 notari
1717 3863 1845 3908 quam
1883 3853 2100 3907 meretur,
2138 3847 2341 3892 acerbius

140 3932 208 3994 16)
244 3948 286 3979 n.
324 3934 401 3980 68.
1228 3951 1315 3984 non
1349 3939 1509 3998 possit.

138 4020 208 4082 17)
243 4035 285 4067 ιι.
323 4015 411 4082 51.,’
579 4059 583 4062 .
1334 4026 1404 4087 ¹⁹)
1439 4039 1481 4071 n.
1517 4024 1596 4071 82.

1839 4108 1978 4169 33*
