2574 4276
1075 145 1317 202 cAPU'r
1387 149 1457 202 v.
2315 155 2417 203 429

117 293 167 337 et
199 283 372 336 Paulus
393 286 410 312 ⁶
460 284 718 336 Timotheo
764 286 999 352 praecipit
1046 302 1143 354 quo
1179 302 1236 339 se
1282 293 1424 354 pacto
1465 293 1607 354 gerat
1651 291 1708 339 ἐν
1750 285 1876 355 οἴκῳ
1921 286 2091 350 θεοῦ,
2140 285 2250 351 ἥτις
2285 291 2420 342 ἐστὶν

113 360 369 438 ἐκκλησία.
444 374 606 435 Quare
641 383 798 442 'quum
836 378 993 429 varias
1039 377 1282 429 ecclesiae
1326 377 1706 445 significationes
1755 378 2052 432 Schleusner
2073 382 2089 405 ⁷
2160 387 2416 443 recenset,

110 466 336 532 illamque
360 468 503 517 tertio
541 467 697 533 gradu
719 469 853 533 ponit
889 483 984 535 qua
1009 468 1205 519 denotat
1228 473 1527 520 universum
1552 477 1744 521 coetum
1769 470 2056 521 doctrinam
2079 468 2417 522 christianam

104 556 477 623 profitentium,
533 576 625 622 per
675 557 843 609 orbem
890 566 1150 610 terrarum
1195 559 1563 627 dispersorum3
1611 575 1729 611 mox
1774 560 1958 611 subdit:
2006 566 2083 611 sic
2129 559 2316 630 quitur
2363 567 2418 613 in

111 645 180 699 N.
227 646 285 699 T.
330 646 514 699 Matth.
543 645 607 699 X
614 646 706 699 Vl.
751 651 842 699 18.-
899 650 981 701 ἐπὶ
1017 648 1174 719 ταύτῃ
1203 652 1264 718 τῇ
1298 654 1460 718 πέτρᾳ
1496 649 1828 717 οἰκοδομήσω
1862 669 1966 718 μου
2004 646 2094 713 τὴν
2128 651 2415 715 ἐκκλησίαν.

288 738 460 805 Neque
516 739 592 790 his
640 754 857 806 opponas
905 742 1121 792 construi
1155 735 1245 802 τὴν
1286 741 1562 803 ἐκκλησίαν
1611 756 1720 792 cum
1769 743 2059 807 pronomine
2094 744 2224 809 μοῦ,
2273 750 2418 810 atque

111 830 235 881 adeo
271 846 432 896 neque
468 829 686 881 adhiberi
720 829 1040 895 simpliciter,
1091 846 1256 897 neque
1293 831 1356 882 de
1390 832 1655 884 universali
1700 833 1918 884 eiusdem
1969 835 2258 885 extensione
2295 849 2413 885 con-

110 927 255 971 stare.
327 919 516 971 Etenim
551 935 824 987 pronomen
859 921 966 987 μοῦ
999 920 1210 971 refertur
1230 924 1247 948 ⁸
1301 921 1361 973 ad
1398 921 1664 989 Christum,
1701 923 1831 974 unde
1865 923 2109 987 ἐκκλησία
2143 942 2249 991 μου
2283 925 2414 975 idem

109 1019 242 1063 notat
274 1027 333 1062 ac
367 1011 580 1063 ecclesia
618 1010 826 1077 Christi,
865 1011 1078 1063 ecelesia
1117 1028 1143 1062 a
1183 1012 1374 1064 Christo
1411 1012 1734 1079 aedificanda,
1789 1015 2001 1066 ecclesia
2048 1030 2141 1082 qua
2176 1015 2411 1068 latissime

107 1107 262 1168 patet,
319 1117 466 1168 quum
504 1118 666 1169 neque
714 1108 876 1169 pateat
924 1116 1087 1168 neque
1123 1109 1290 1169 patere
1335 1103 1477 1155 latius
1513 1106 1665 1171 possit
1701 1119 1844 1170 quam
1881 1104 2098 1171 profecta
2145 1122 2172 1157 a
2222 1106 2410 1157 Christo

107 1191 391 1243 aedificatio
464 1194 605 1253 Quod
654 1195 783 1245 enim
827 1192 1000 1244 Paulus
1022 1195 1039 1219 ⁹
1090 1193 1150 1243 de
1204 1193 1462 1245 Corinthiis
1516 1194 1748 1260 affirmat,
1795 1194 1932 1246 θεοῦ
1979 1194 2237 1262 οἰκοδομή
2262 1201 2410 1263 ἐστε,

113 1282 207 1334 Dei
241 1281 529 1350 aedificatio
566 1291 707 1351 estis,
750 1285 812 1336 de
851 1283 1122 1336 christianis
1149 1285 1345 1335 omnino
1384 1285 1608 1338 omnibus
1643 1285 1849 1352 intelligi
1884 1286 2054 1354 debet3
2093 1303 2238 1354 quum
2264 1304 2412 1340 nemo

104 1376 196 1440 sit,
253 1389 399 1425 nemo
437 1390 551 1426 esse
588 1374 878 1426 christianus
911 1376 1094 1442 possit,
1152 1377 1234 1442 qui
1268 1392 1296 1426 a
1333 1364 1523 1427 Christo
1560 1375 1665 1427 Deo
1702 1378 1751 1427 in
1785 1378 2017 1444 templum
2054 1385 2273 1430 sanctum
2310 1395 2407 1431 non

103 1464 398 1517 aedificetur.
471 1466 776 1517 Constructio
823 1467 970 1533 igitur
1017 1482 1127 1517 cum
1172 1467 1460 1533 pronomine
1515 1468 1622 1534 μοῦ
1668 1469 1996 1520 universalem
2043 1469 2409 1536 significationis

107 1563 396 1623 potestatem
434 1557 643 1624 egregie
690 1556 956 1608 confirmat.

283 1652 363 1698 81.
454 1647 588 1708 Quae
645 1649 819 1700 eadem
869 1649 1210 1715 perspicuitate
1271 1665 1330 1700 ac
1383 1650 1624 1701 evidentia
1684 1657 1886 1716 recepto
1937 1651 2062 1717 apud
2122 1651 2410 1703 christianos

103 1739 333 1805 loquendi
379 1755 472 1791 usu
520 1739 769 1791 stabilitur.
841 1739 1096 1791 Disserunt
1146 1740 1206 1791 de
1250 1755 1311 1791 eo
1359 1740 1575 1806 pluribus
1622 1741 1850 1794 Suicerus
1874 1744 1915 1767 ¹⁰
1964 1748 2012 1792 et
2062 1742 2239 1794 Tobias
2286 1742 2411 1794 Eck-

103 1830 283 1882 hardus
315 1832 376 1896 ¹¹,
417 1847 444 1881 e
483 1831 671 1898 quibUS,
708 1831 912 1898 aliisque
950 1838 1025 1883 sat
1060 1831 1200 1882 nobis
1239 1832 1330 1882 erit
1366 1831 1794 1884 animadvertisse:
1852 1833 1885 1883 I.
1921 1833 2151 1884 infinitam
2186 1840 2408 1900 prostare

105 1922 439 1988 exemplorum
466 1923 652 1989 silvam,
690 1924 738 1974 in
774 1923 948 1990 quibus
975 1923 1219 1974 ecclesiae
1256 1923 1453 1973 nomine
1477 1925 1518 1948 ¹²
1560 1923 1840 1990 simpliciter
1875 1930 2077 1990 accept-o
2114 1925 2405 1976 universitas

103 2012 314 2064 fidelium
341 2014 650 2081 designatur:
691 2014 744 2065 ΙΙ.
772 2014 954 2064 nullum
992 2014 1166 2065 adduci
1205 2013 1481 2080 exemplum
1515 2028 1680 2080 posse,
1717 2015 1767 2064 in
1806 2029 1902 2081 quo
1929 2033 1999 2065 em
2035 2032 2150 2065 sese
2184 2031 2242 2065 ac
2277 2021 2409 2066 citra

103 2110 346 2155 orationis
384 2105 654 2171 adiuncta,
692 2106 944 2172 angustius
978 2111 1258 2172 usurpetur:
1313 2104 1389 2155 III.
1436 2104 1763 2156 universalem
1804 2105 2024 2157 eiusdem
2063 2107 2405 2157 extensionem

105 2193 478 2260 definitionibus
517 2196 837 2263 comprobari,
876 2196 1050 2264 quibus
1088 2197 1356 2247 subiectam
1394 2196 1635 2247 ecclesiae
1672 2196 1920 2246 notionem
1945 2196 2114 2247 Patres
2152 2196 2407 2263 explicant,

104 2286 374 2336 cuiusmodi
407 2285 531 2336 haec
567 2293 643 2339 est
678 2288 803 2354 apud
833 2290 874 2314 ¹³
922 2288 1158 2339 Isidorum
1193 2288 1513 2354 pelusiotam,
1551 2285 1609 2337 τὸ
1645 2281 1924 2353 ἄθροισμα
1961 2289 2067 2338 τῶν
2103 2285 2300 2354 ἁγίων,
2350 2285 2407 2337 τὸ

107 2375 161 2439 ἐξ
196 2375 366 2444 ὀρθῆς
391 2377 611 2439 πίστεως
637 2379 723 2430 καὶ
749 2379 1006 2439 πολιτείας
1033 2377 1244 2445 ἀρίστης
1269 2374 1762 2445 συγκεκροτημένον,
1801 2364 2045 2441 ἐκκλησία
2069 2379 2187 2443 ἐστι’,
2228 2385 2405 2429 coetus

101 2475 396 2518 sanctorum
425 2471 464 2494 ¹⁴
507 2487 577 2520 ea·
604 2476 744 2521 recta
760 2470 871 2536 fi'de
896 2476 1047 2535 atque
1073 2476 1258 2534 optima
1284 2470 1482 2520 vivendi
1516 2474 1713 2520 ratione
1737 2469 1996 2532 collectas,
2046 2468 2264 2520 ecclesia
2303 2477 2378 2521 est
2394 2492 2408 2519 .-

109 2559 187 2609 lv.
216 2560 391 2610 eodem
416 2561 662 2626 pertinere
687 2576 811 2627 quae
838 2561 1029 2613 tradunt
1056 2562 1117 2612 de
1138 2559 1390 2627 partibus,
1430 2561 1602 2628 quibus
1627 2560 1870 2612 ecclesiae
1896 2559 2166 2611 aedificium
2204 2566 2406 2625 constat,

100 2649 438 2716 membrisque
463 2650 637 2718 quibus
663 2666 839 2719 corpus
863 2652 1142 2725 absolvitur.
1211 2652 1401 2704 Docent
1427 2655 1556 2704 enim
1585 2655 1626 2679 ¹⁵
1655 2649 1777 2711 τούς
1801 2654 1856 2701 ἐν
1879 2648 2016 2718 πάσῃ
2039 2652 2103 2719 τῇ
2129 2648 2408 2719 οἰκουμένῃ
2455 2672 2460 2677 ·

1400 2828 1470 2888 ¹⁴)
1506 2828 1573 2873 ΕΟ
1608 2839 1742 2873 sensu
1777 2839 1864 2886 quo
1898 2827 1943 2871 in
1978 2826 2222 2885 Scripturis
2263 2818 2405 2887 ἅγιος,

1295 2913 1435 2990 W'l'll}
1471 2916 1510 2960 is
1543 2917 1710 2975 passim
1747 2915 1933 2973 dicitur,
1979 2915 2052 2973 qui
2087 2927 2175 2960 non
2211 2921 2280 2960 est
2313 2929 2406 2960 κοι-

202 2826 247 2888 6)
283 2827 316 2872 l.
344 2826 454 2872 Tim.
491 2827 564 2872 ΙΙΙ.
604 2826 680 2873 15.

202 2914 248 2975 7)
283 2914 430 2959 Lexic.
470 2916 513 2960 in
548 2915 598 2960 N.
637 2915 685 2959 T.
723 2915 778 2960 ad
811 2930 856 2960 v.
892 2914 1119 2976 ἐκκλησία.

206 3002 250 3062 ⁸)
286 3002 429 3058 Quare
472 3003 583 3048 haec
622 3004 805 3048 formula
854 3017 953 3049 cum
998 3006 1055 3050 iis
1103 3018 1211 3051 con-

107 3090 286 3135 serenda
332 3096 425 3151 est,
473 3090 633 3149 quibus
669 3090 700 3135 Ι.
734 3090 836 3135 Cor.
871 3092 925 3137 X.
961 3093 1050 3153 32,
1096 3128 1107 3139 .
1129 3127 1140 3138 .
1163 3127 1174 3138 .
1195 3126 1207 3138 .

104 3178 268 3224 mentio
305 3180 353 3224 fit
386 3177 624 3239 ἐκκλησίας
658 3175 740 3224 τοῦ
774 3174 914 3236 θεοῦ,
958 3194 1098 3239 neque
1134 3181 1209 3226 illa

105 3267 243 3311 minus
300 3281 427 3326 quam
484 3268 567 3314 hae
626 3268 899 3313 universales
962 3269 1209 3314 existimari

103 3355 278 3400 dehent.

199 3442 244 3503 ⁹)
281 3442 313 3487 Ι.
341 3443 441 3487 Cor.
479 3443 551 3493 ΙΙΙ.
588 3444 634 3489 9.

207 3530 277 3591 ¹⁰)
329 3531 376 3575 In
433 3531 655 3577 Thesauro
714 3531 884 3577 Eccles.
937 3532 992 3577 ad
1049 3547 1090 3577 v.
1136 3532 1206 3578 ἐκ·

100 3614 278 3676 κλησία.

210 3704 279 3765 ¹')
317 3704 364 3750 In
397 3705 612 3750 Technica
643 3707 812 3768 Sacra„
830 3720 966 3766 pagg.
988 3707 1064 3752 70.
1083 3721 1205 3768 seqq.

211 3790 280 3851 ¹²)
329 3791 424 3836 Hoc
464 3793 565 3838 data
607 3806 741 3854 opera
778 3795 976 3840 Nicolius
1011 3796 1209 3842 ostendit

103 3880 146 3923 in
195 3878 339 3924 Tract.
384 3879 457 3926 De
490 3881 647 3927 Punite
688 3883 745 3928 de
787 3879 1000 3945 l'quise,
1060 3884 1135 3930 liv.
1171 3885 1206 3930 Ι.

103 3966 226 4026 chap.
260 3967 315 4012 V.

209 4068 278 4130 13)
314 4068 458 4128 Epist.
495 4069 569 4114 nh.
597 4070 648 4115 11.
687 4071 818 4131 epist.
845 4071 1064 4119 cchvl.

1292 3012 1383 3075 νός,
1417 3021 1499 3066 sed
1534 3034 1558 3064 a
1593 3020 1814 3064 communi
1851 3024 1896 3063 et
1927 3018 2184 3077 promiscuo
2221 3032 2300 3064 usu
2334 3032 2405 3064 se-

1293 3114 1507 3167 gregatus
1556 3108 1612 3153 ad
1662 3107 1905 3166 peculiares
1959 3119 2063 3151 usus
2123 3112 2403 3152 consecratus

1292 3201 1373 3240 est.
1453 3196 1549 3240 Hoc
1590 3209 1724 3241 sensu
1770 3195 1922 3240 fideles
1965 3194 2206 3239 universim
2250 3207 2403 3240 omnes

1291 3283 1550 3329 dicebantur
1592 3276 1712 3345 ἅγιοι
1746 3288 1790 3328 et
1823 3280 1978 3342 κλητοὶ
2011 3273 2156 3343 ἅγιοι,
2204 3294 2404 3341 oppone-

1290 3371 1532 3430 banturque
1575 3377 1671 3424 τοῖς
1698 3362 1878 3423 ,ἀδίκοις
1925 3375 1970 3416 et
2002 3365 2072 3429 τῷ
2104 3362 2289 3430 κόσμῳ,
2335 3371 2403 3415 in-

1290 3459 1492 3504 fidelibus
1517 3465 1562 3505 et
1583 3474 1607 3504 a
1632 3459 1871 3504 christiana
1906 3459 2187 3518 professione
2224 3459 2397 3504 alienis.

1289 3547 1413 3592 Unde
1455 3547 1798 3606 chrysostomus
1844 3548 1963 3592 hom.
1999 3547 2032 3591 Ι.
2081 3548 2125 3592 in
2168 3548 2298 3606 epist.
2346 3547 2403 3592 ad

1289 3635 1415 3686 Rom.
1442 3635 1475 3680 1.
1503 3635 1545 3680 7.
1581 3635 1636 3680 de
1659 3636 1822 3681 usitata
1849 3634 1966 3694 apud
1990 3634 2166 3679 Paulum
2192 3634 2402 3693 loquendi

1289 3722 1464 3767 ratione
1494 3722 1580 3767 ait:
1616 3714 1797 3784 Ἀγίους
1828 3720 1877 3767 δὲ
1909 3714 2017 3775 τούς
2049 3716 2239 3775 πιστούς
2272 3720 2406 3768 καλεῖ

1290 3802 1482 3862 πάντας.

1398 3897 1470 3958 ¹⁵)
1528 3896 1743 3954 Origenes
1789 3901 1930 3942 contr.
1978 3896 2152 3942 Celsum
2199 3897 2277 3942 lib.
2313 3898 2399 3958 vl,

1292 3984 1641 4043 chrysostomus
1676 3985 1721 4030 in
1755 3985 1885 4044 epist.
1921 3985 1978 4030 ad
1999 3984 2164 4045 EpheS.
2198 3985 2317 4031 hom.
2342 3985 2398 4047 X,

1290 4078 1337 4120 et
1371 4073 1722 4133 Theophylactus
1759 4073 1815 4119 ad
1850 4072 1884 4119 1.
1910 4073 2012 4119 Cor.
2048 4073 2143 4120 XII.
2180 4072 2258 4120 27.
