2574 4276
1118 99 1356 154 cAPuT
1428 100 1494 151 11.
1812 71 1818 77 ’
2392 92 2451 142 41

163 249 364 318 probum
412 261 492 312 se,
543 244 858 311 numerisque
901 243 1124 295 omnibus
1159 242 1429 295 absolutum
1465 245 1815 309 protestantem
1859 237 2240 300 demonstraret,
2291 232 2460 285 desen-

164 341 374 392 dendum
413 337 505 390 sibi
541 338 742 403 sumpsit
764 340 813 386 ⁸:
888 335 1259 402 „Disparitatem
1310 335 1560 402 potestatis
1607 334 1733 383 inter
1768 329 2014 398 apostolos
2051 342 2165 379 esse
2198 326 2461 376 humanum

163 435 434 495 inventum,
471 429 522 479 in
558 429 711 479 sacris
750 428 1044 495 evangeliiS,
1083 434 1131 478 et
1166 427 1338 477 divinis
1375 426 1490 477 novi
1524 424 1800 476 testamenti
1833 421 2081 487 scripturis
2117 420 2314 469 minime
2351 416 2463 468 sub-

165 522 391 576 sistens.“
462 520 696 570 Atrocem
746 503 1034 570 calumniam
1079 532 1178 568 11011
1223 517 1327 567 tulit
1373 517 1652 582 theologica
1698 514 1950 568 Sorbonae
1998 511 2225 575 facultaS,
2275 509 2464 574 sibique

167 616 383 682 apprime
411 612 644 663 decorum
671 625 783 661 esse
822 610 968 675 duxit,
1004 609 1251 659 hominem
1282 609 1483 658 crimine
1507 603 1776 659 haereseos
1812 613 2002 672 turpem
2036 603 2324 670 reprimere,
2363 599 2465 650 edi-

167 714 315 772 toque
353 704 561 756 solemni
596 701 773 752 iudicio
812 699 1087 764 declarare,
1139 699 1254 765 quid
1288 699 1348 749 (16
1388 699 1716 764 apostolorum
1750 696 2039 764 aequalitate
2075 694 2156 746 vel
2202 690 2469 757 inaequali-

167 804 264 848 tate
317 796 377 846 ad
419 794 769 861 praescriptum
817 789 1084 841 catholicae
1119 788 1437 854 professionis
1474 789 1740 863 existimari
1785 788 1974 839 debeat.
2045 787 2211 852 Itaque
2248 783 2327 834 die
2363 780 2466 833 XV.

168 887 482 951 Decembris,
522 898 649 935 anno
685 880 957 934 MDCXVII.
996 895 1055 931 ea
1091 881 1346 945 sententia,
1386 894 1481 945 qua
1515 880 1708 946 priores
1744 886 1950 946 quatuor
1986 864 2281 945 Spalatensis
2316 874 2467 925 libros

170 980 230 1031 de
275 976 538 1044 Republica
573 974 840 1025 Christiana
877 970 1102 1037 confixit,
1151 955 1534 1037 propositionem
1571 986 1713 1037 quam
1750 971 2026 1034 retulimus,
2075 970 2168 1020 hac
2219 982 2427 1019 censura
2447 968 2464 992 ⁹

169 1071 370 1122 notavit:
443 1065 610 1133 „Haec
657 1063 920 1130 propositio
969 1068 1044 1113 est
1079 1059 1339 1112 haeretica
1388 1067 1436 1111 et
1474 1060 1828 1123 schismatica,
1878 1061 1940 1111 de
1975 1062 2306 1112 iurisdictione
2355 1073 2470 1126 apo-

172 1154 340 1213 stolica
377 1155 647 1220 ordinaria,
687 1169 812 1220 quae
847 1153 897 1202 in
930 1152 1039 1204 solo
1072 1142 1216 1204 Petro
1253 1153 1571 1220 subsistebat,
1610 1152 1904 1203 intellecta.“
2304 1143 2307 1146 ’

351 1255 427 1300 12.
501 1247 661 1308 Quare
704 1252 801 1296 tam
849 1245 986 1295 cordi
1021 1260 1134 1296 esse
1175 1245 1316 1297 nobis
1354 1245 1501 1296 debet
1542 1245 1670 1295 Petri
1705 1244 2100 1310 praerogativas,
2146 1243 2472 1308 eximiamque

169 1357 285 1409 prae
334 1338 564 1406 apostolis
606 1337 806 1402 reliquis
856 1336 1165 1403 dignitatem,
1216 1328 1604 1403 potestatemque
1649 1335 1802 1402 tueri,
1854 1351 1998 1402 quam
2046 1334 2310 1387 sinceritati
2345 1333 2473 1398 fidei,

173 1448 297 1499 quae
333 1431 529 1482 haeresi
565 1428 909 1494 corrumpitur,
949 1434 997 1478 et
1033 1428 1276 1479 ecclesiae
1310 1429 1504 1495 unitati,
1551 1445 1677 1495 quae
1713 1428 1911 1479 haeresi
1948 1434 1996 1478 et
2031 1426 2292 1497 schismate
2323 1423 2476 1473 viola-

172 1531 275 1590 tur,
326 1522 626 1590 prospicere.
701 1519 772 1569 Illi
820 1519 1045 1570 nimirum
1092 1521 1312 1586 unitati,
1336 1535 1481 1586 quam
1532 1519 1814 1586 profitemur
1838 1522 1880 1545 ¹⁰
1932 1520 1982 1570 in
2029 1517 2279 1587 symbolo,
2331 1530 2475 1581 quam

174 1615 448 1681 Scripturae
474 1615 512 1640 ¹¹
555 1612 883 1679 praecipiunt,
933 1626 1077 1678 quam
1114 1610 1328 1662 Christus
1355 1612 1397 1635 ¹²
1436 1610 1783 1677 commendat,
1831 1627 1920 1678 pro
1958 1627 2052 1677 qua
2086 1610 2278 1661 Patrem
2308 1609 2347 1633 '³
2392 1621 2479 1656 ex-

178 1707 356 1771 oravit,
397 1712 444 1757 et
481 1721 625 1772 quam
663 1719 762 1754 non
799 1703 944 1754 modo
982 1703 1223 1755 institutae
1261 1718 1288 1753 a
1325 1718 1381 1754 se
1422 1702 1693 1770 ecclesiae,
1734 1718 1902 1754 verum
1939 1704 2083 1754 etiam
2120 1717 2239 1753 suae
2278 1716 2305 1751 a
2338 1699 2478 1749 Patre

176 1799 417 1850 missionis
446 1796 490 1824 ¹⁴
528 1803 716 1863 notam,
755 1803 804 1848 et
839 1796 1052 1862 σημεῖον
1088 1795 1303 1845 omnium
1338 1795 1771 1847 luculentissimum
1807 1795 1913 1846 fore
1952 1795 2209 1846 constituit.

348 1887 555 1938 Dubium
601 1903 722 1939 vero
769 1902 883 1939 esse
927 1901 1026 1937 non
1071 1892 1254 1953 potest,
1302 1886 1432 1938 unde
1470 1886 1768 1939 defensionis
1805 1893 2118 1954 argumenta,
2169 1892 2217 1937 61
2262 1882 2477 1934 veritatis

175 1979 495 2046 patrocinium
528 1980 684 2045 repeti
721 1979 943 2030 debeant.
1015 1977 1432 2045 Argumentorum
1469 1979 1615 2030 sedes
1651 1979 1922 2046 praefinivit
1958 1979 2278 2047 SpalatensiS,
2316 1993 2478 2043 neque

173 2071 289 2122 alias
332 2071 391 2121 ab
428 2071 486 2121 iis
523 2072 796 2138 proposuit,
835 2084 955 2137 quas
991 2085 1082 2121 nos
1119 2071 1210 2136 ipsi
1247 2070 1545 2138 delegimUS,
1582 2087 1806 2139 quaeque
1844 2072 2002 2124 solum
2041 2089 2067 2123 a
2102 2069 2478 2139 protestantibus

175 2164 221 2214 in
256 2164 412 2230 pretio
451 2162 703 2213 habentur.
778 2162 864 2228 „ln
901 2161 1326 2228 disputationibus,
1365 2164 1430 2213 ita
1468 2161 1650 2214 Galliae
1688 2164 1944 2215 calviniani
1971 2167 2033 2232 ¹⁵,
2072 2163 2133 2215 ad
2168 2163 2396 2214 iudicium
2432 2169 2481 2213 et

179 2255 479 2306 decisionem
506 2253 754 2304 doctrinae
781 2253 939 2304 nullus
965 2253 1056 2304 erit
1078 2253 1216 2304 locus
1240 2254 1546 2320 antiquorum
1572 2253 1826 2305 doctorum
1862 2256 2103 2322 scriptiS.“
2175 2255 2234 2307 Et
2270 2254 2381 2306 alibi
2408 2257 2478 2306 ¹⁶:

178 2346 384 2411 „Omnia
433 2345 612 2396 debent
659 2345 892 2411 expendi,
942 2344 1112 2412 dirigi,
1158 2345 1418 2396 reformari
1462 2362 1526 2396 ex
1562 2348 1797 2413 scriptura
1833 2347 2029 2399 sacra.“
2100 2347 2235 2408 Quae
2274 2364 2301 2398 a
2339 2363 2480 2416 cory-

178 2436 335 2503 phaeo
386 2435 607 2487 factionis
649 2436 845 2487 Calvino
895 2436 1186 2503 didicerant,
1237 2438 1318 2503 qui
1356 2437 1623 2489 cathoiicos
1659 2453 1759 2489 non
1806 2439 1923 2489 citra
1961 2446 2272 2506 arrogantem
2308 2440 2481 2491 fastum

179 2528 254 2579 his
293 2527 453 2578 verbis
492 2526 811 2593 compellabat
838 2530 908 2576 ¹⁷:
982 2528 1068 2593 „In
1103 2528 1246 2578 Petro
1283 2528 1449 2580 volunt
1472 2531 1688 2596 papistae
1727 2530 1988 2582 ecclesiam
2014 2531 2226 2583 fundari:
2264 2533 2483 2583 nonnulli

180 2635 243 2669 ex
278 2618 493 2669 Patribus
519 2621 561 2644 ¹⁸
603 2619 666 2668 ita
703 2625 1059 2685 exposuerunt,
1106 2619 1194 2670 sed
1231 2635 1341 2670 cum
1376 2621 1613 2672 reclamet
1653 2628 1752 2672 tota
1790 2621 2036 2689 Scriptura
2062 2626 2123 2689 ¹⁹,
2161 2624 2274 2690 quid
2311 2639 2480 2675 eorum

183 2710 417 2761 adversus
455 2709 610 2761 Deum
650 2711 908 2760 auctoritas
944 2709 1343 2776 praetenditur?“
1415 2712 1656 2765 Stabimus
1683 2728 1806 2779 ergo
1837 2714 2110 2781 Scripturis,
2143 2716 2298 2781 iisque
2324 2715 2481 2766 solum

289 2894 333 2955 8)
368 2894 504 2940 Penes
527 2895 594 2940 Du
611 2895 775 2940 Plessis
799 2892 1079 2956 d'Argentre,
1109 2895 1289 2941 Collect.
1454 2890 1551 2959 Ἣι)Ι
1585 2899 1688 2944 Joh.
1719 2899 1857 2945 XVII.
1888 2899 1977 2945 21:
2017 2891 2110 2945 Ἵνα
2143 2891 2169 2945 ὁ
2205 2894 2376 2961 κόσμος
2410 2913 2482 2945 πι-

182 2982 453 3028 Judiciorum
475 2983 595 3028 Eccl.
634 2983 681 3028 T.
707 2984 740 3028 Ι.
775 2984 889 3029 Part.
915 2983 967 3028 ΙΙ.
1003 2998 1107 3043 pag.
1133 2984 1244 3029 409.
1373 2978 1551 3049 στεύσῃ,
1585 2978 1656 3033 ὅτι
1689 2980 1746 3033 σύ
1781 3003 1839 3048 με
1872 2979 2154 3041 ἀπέστειλας.

286 3084 353 3146 9)-
380 3086 617 3131 Censuram
662 3086 948 3131 sorbonicam
992 3087 1130 3131 habes
1177 3086 1292 3145 apud
1484 3089 1554 3149 ¹⁵)
1589 3089 1707 3134 Libr.
1744 3090 1799 3135 de
1830 3090 2091 3152 Disciplina,
2129 3105 2225 3150 cap.
2251 3091 2283 3136 Ι.
2322 3097 2402 3137 art.
2428 3091 2481 3151 II,

186 3172 457 3219 Franciscum
504 3175 692 3235 Harlay,
742 3175 1122 3235 archiepiscopum
1169 3181 1292 3220 roto·
1373 3190 1469 3237 cap.
1495 3177 1570 3224 VI.
1609 3183 1691 3223 art.
1717 3178 1792 3224 lv.
2015 3184 2018 3187 '

189 3272 304 3318 mag.
339 3261 532 3321 Apolog.
567 3263 740 3321 Evang.
776 3277 881 3322 pag.
910 3262 1021 3309 215.
1071 3263 1175 3308 edit.
1212 3263 1292 3308 Pa·
1482 3280 1551 3341 16)
1588 3280 1788 3326 Confess-
1825 3282 1974 3340 gallic·
2012 3281 2107 3327 Art·
2132 3282 2188 3327 v.

188 3347 263 3390 ris.
301 3345 439 3394 1725.

1483 3383 1551 3444 17)
1586 3384 1727 3449 Insui.
1763 3385 1838 3429 lib.
1863 3384 1938 3430 1v.
1977 3398 2073 3444 cap.
2098 3384 2173 3429 v1.
2210 3398 2253 3428 n.
2279 3384 2324 3429 6.

296 3449 364 3509 10)
399 3450 598 3509 Symbol.
635 3453 731 3497 nic:
774 3444 1058 3512 Πιστεύομεν
1092 3450 1154 3505 εἰς
1180 3450 1291 3512 μίαν
1484 3487 1553 3548 NJ)
1588 3486 1651 3533 Ita
1687 3502 1742 3532 ne
1776 3479 1927 3533 vero?
1978 3487 2098 3545 atqui
2134 3499 2244 3545 quos
2280 3492 2326 3532 tu
2359 3502 2482 3533 mm-

192 3548 445 3609 §antuman
1372 3575 1522 3621 nullos
1567 3576 1787 3636 appellas,
1840 3576 1885 3620 hi
1932 3581 2032 3620 511111
2075 3587 2256 3633 prorsus
2307 3589 2482 3633 omnes,

295 3652 363 3711 ¹¹)
414 3651 447 3696 Ι.
483 3652 582 3700 Cor.
616 3655 710 3700 XII.
751 3655 810 3700 12
831 3682 893 3688 -—
916 3655 1006 3717 273
1058 3655 1219 3715 EpheS.
1256 3657 1289 3703 Ι.
1375 3665 1488 3709 adeo
1536 3670 1585 3709 ut
1627 3664 1897 3723 praeclarius
1942 3662 2204 3707 eruditionis
2248 3669 2349 3709 tuae
2383 3678 2483 3722 spe-

186 3739 413 3797 22—23,
450 3738 504 3784 Π·
542 3740 767 3803 13-16,
803 3744 875 3788 lll-
914 3745 957 3803 6,
995 3744 1069 3788 IV·
1107 3743 1290 3790 4-12
1374 3754 1518 3834 61111611
1554 3752 1797 3798 desiderari
1833 3752 1910 3795 vix
1944 3752 2101 3809 possit.

186 3826 349 3887 —16,
394 3827 450 3872 V·
486 3827 722 3892 23-303
767 3830 800 3875 Ῑ·
828 3831 928 3876 ΟΟΥ·
965 3831 997 3875 I·
1034 3830 1220 3877 9“’“Ῑ3·
1483 3854 1553 3914 ¹⁹)
1601 3854 1754 3897 Notari
1790 3854 2019 3898 artificium
2054 3854 2189 3899 debet
2230 3858 2484 3913 protestan-

296 3929 366 3990 12)
402 3929 505 3975 J0h·
541 3928 596 3974 X·
633 3929 708 3975 16·
1375 3943 1492 3988 tibus
1534 3942 1758 3997 solemne,
1807 3953 1895 4001 quo
1939 3943 2001 3988 ita
2036 3934 2299 4002 s‘e'gerunt,
2346 3947 2394 3987 ut
2426 3942 2484 3987 si-

293 4028 364 4091 ι3)
400 4031 500 4076 Joh.
536 4029 672 4076 XVII.
707 4031 938 4079 20-23,
1376 4044 1489 4091 quae
1531 4031 1696 4077 veritas
1744 4031 2010 4077 auctoritate
2054 4030 2293 4078 bibliorum
2327 4030 2486 4076 contir-
