2574 4276
1013 183 1254 237 CAPUT
1333 183 1427 233 111.
2306 184 2369 232 51

69 327 268 379 foedere
316 324 642 392 praefigurata
691 325 943 375 contineri.
1017 324 1138 375 Huic
1183 323 1434 389 utriusque
1483 320 1698 372 foederis
1744 319 2058 371 consensioni
2086 306 2247 370 ¹fidem
2285 335 2375 371 sua

69 417 348 470 auctoritate
388 416 645 467 conciliant
682 415 896 467 Christus
933 416 1037 480 ipse
1065 416 1128 480 ¹⁶,
1167 413 1502 480 evangelistae
1532 416 1593 478 ¹⁷,
1635 411 1841 479 apostoli
1871 414 1944 462 [ὃς
1989 417 2089 461 tum
2128 410 2372 462 ecclesiae

10 487 13 490 Δ
67 508 294 558 doctores
323 507 384 572 ¹⁹,
425 508 529 558 sive
567 508 616 557 in
647 507 705 557 iis
746 505 1213 571 concertationibuS,
1252 520 1372 571 quas
1410 520 1519 555 cum
1556 505 1814 572 gnosticiS,
1854 503 2150 554 marcionitis
2187 508 2237 553 et
2272 518 2373 553 ma—

66 592 293 650 nichaeis
326 598 620 667 habuerunt,
670 604 721 648 ut
773 613 882 648 eam
931 593 1216 661 ἁρμονίαν,
1263 596 1772 662 conspirationemque
1809 595 2137 646 vindicarent:
2184 594 2288 645 sive
2324 595 2375 644 in

66 691 123 739 iis
160 705 285 755 quae
323 689 539 755 edidere,
578 695 630 740 ut
663 689 918 739 veritatem
958 688 1250 738 christianae
1286 687 1593 744 institutionis
1618 689 1664 712 ‘²⁰
1704 687 1889 737 iudaeis
1925 701 2082 752 aeque
2119 701 2178 737 ac
2216 686 2374 752 genti-

66 780 190 831 libus
242 780 607 847 persuaderent.
678 779 1153 830 Demonstrationem
1206 777 1336 827 enim
1392 777 1731 843 evangelicam
1754 817 1767 843 ,
1825 778 1900 828 sin
1952 778 2110 828 minus
2160 778 2375 827 omnium
2424 833 2433 839 q

66 871 423 938 plenissimam,
469 871 586 922 nulli
622 876 756 922 certe
791 868 1056 920 secundam
1082 857 1205 917 ¹eam
1241 872 1524 917 constanter
1559 874 1882 934 censuerunt,
1931 883 2057 934 quae
2106 884 2171 919 ex
2205 868 2405 924 antici-,¹

67 963 261 1029 patione
303 978 469 1014 rerum
512 953 879 1014 christianarum
938 959 988 1008 in
1045 958 1203 1008 veteri
1246 963 1388 1024 pacto
1436 957 1618 1024 solide,
1676 959 1991 1024 graviterque
2045 954 2373 1026 colligeretur.

67 1053 175 1104 Jam
219 1069 338 1105 vero
383 1067 512 1120 quae
558 1050 622 1102 'ad
667 1050 858 1100 Petrum
901 1055 1146 1116 spectant,
1203 1048 1318 1098 talia
1363 1053 1501 1114 sunt,
1553 1055 1604 1099 ut
1648 1050 1707 1100 iis
1752 1063 1852 1099 non
1899 1051 2140 1101 immerito
2187 1066 2371 1102 connu-

68 1145 330 1210 merentur,
368 1126 493 1210 quae
532 1143 582 1192 in
614 1141 872 1192 christiana
906 1140 1205 1190 institutione
1242 1139 1559 1206 doctrinaque
1581 1142 1626 1166 2¹
1682 1140 1899 1191 eminent
1934 1146 2079 1207 atque
2116 1142 2381 1194 excellunt·

65 1235 351 1296 Incredibile
398 1249 534 1301 ergo
568 1233 723 1284 videri
764 1247 864 1282 non
910 1229 1078 1298 dehet,
1130 1233 1495 1298 σχηματισμὸν
1536 1245 1707 1282 eorum
1731 1231 1955 1297 aliquem
1992 1232 2165 1298 priscis
2201 1232 2375 1284 tabulis

68 1320 404 1392 consignatum
438 1324 659 1391 reperiri.

242 1422 322 1468 28.
395 1415 535 1476 Quod
571 1415 613 1466 si
642 1414 927 1465 incredibile
965 1413 1122 1465 videri
1155 1427 1255 1464 non
1291 1412 1464 1480 debet,
1514 1414 1759 1466 aestimari
1805 1430 1869 1464 ne
1904 1414 1953 1465 id
1988 1417 2164 1482 poterit
2199 1417 2375 1483 proba-

63 1507 186 1574 bile,
235 1513 315 1558 aut
362 1508 507 1558 etiam
558 1504 782 1558 certum?
826 1511 1013 1556 certum
1060 1505 1258 1556 omnino
1303 1504 1455 1570 foret,
1508 1506 1550 1556 si
1595 1507 1881 1557 auctoritate
1918 1507 2209 1574 scriptorum
2244 1506 2374 1559 θεο-

67 1595 353 1660 πνεύστων,
402 1598 483 1650 vel
524 1598 739 1648 unanimi
773 1595 965 1647 Patrum
1002 1594 1236 1664 suffragio
1287 1597 1527 1648 eiusmodi
1559 1596 1905 1664 praefiguratio
1944 1597 2219 1649 doceretur.
2285 1598 2375 1649 Fa-

64 1689 261 1740 tendum
305 1680 425 1741 vero
474 1696 570 1756 est,
625 1695 848 1740 neutrum
889 1688 1029 1739 nobis
1076 1695 1363 1755 suppetere,
1422 1705 1585 1755 neque
1629 1688 1821 1740 illorum
1871 1691 2228 1757 auctoritatem,
2281 1705 2375 1757 qua

66 1786 276 1845 utamur,
314 1779 475 1847 neque
510 1780 685 1837 horum
722 1779 1005 1847 suffragium
1031 1782 1096 1846 22,
1136 1795 1231 1846 quo
1268 1773 1609 1831 sustentemur.
1682 1781 1815 1848 Ergo
1852 1798 1916 1833 ne
1954 1782 2015 1833 ad
2052 1783 2374 1849 coniecturas,

66 1871 317 1938 nudasque
356 1872 658 1938 suspiciones
696 1868 1023 1922 devenimus?
1060 1870 1210 1921 multo
1242 1887 1354 1923 esse
1379 1874 1567 1938 potiora
1600 1887 1724 1938 quae
1749 1872 1959 1939 proferri
1994 1880 2211 1940 possunt,
2250 1874 2375 1925 ultro

66 1962 205 2013 nobis
243 1962 458 2028 dabitur,
497 1963 538 2014 si
574 1963 734 2013 animo
771 1969 1036 2030 reputetur,
1076 1969 1355 2014 aoeiomatz's
1391 1965 1543 2015 instar
1565 1963 1736 2014 haberi
1771 1979 1946 2030 posse:
1982 1965 2407 2031 „similitudinem-

66 2054 378 2105 consiliorum
430 2053 702 2104 divinorum
744 2060 842 2104 tam
887 2054 1147 2105 commode
1194 2053 1363 2105 inferri
1411 2071 1475 2105 ex
1519 2055 1578 2106 iis
1612 2070 1784 2122 posse,
1839 2051 1964 2122 quae
2001 2055 2133 2108 Deus
2168 2054 2377 2120 ἔξωθεν

67 2145 411 2211 manifestavit,
466 2159 610 2211 quam
660 2144 921 2195 similitudo
970 2159 1253 2196 caussarum
1303 2162 1367 2196 ex
1419 2145 1679 2198 effectuum
1720 2148 2030 2211 similitudine
2079 2148 2375 2215 colligitur.“

71 2235 199 2288 Sicut
245 2238 374 2288 enim
425 2234 626 2287 effectus
672 2236 872 2288 totidem
920 2236 1069 2288 veluti
1116 2237 1298 2303 gradus
1337 2244 1626 2305 censentur,
1674 2238 1846 2305 quibus
1885 2240 1945 2290 ad
1982 2240 2373 2308 cognoscendaS,

73 2325 533 2394 distinguendasque
567 2344 765 2380 caussas
802 2328 1086 2397 attollimur,
1122 2330 1187 2380 ita
1224 2329 1415 2380 divinae
1450 2330 1864 2382 manifestationes
1902 2347 1995 2382 ceu
2026 2333 2227 2384 totidem
2266 2340 2377 2385 sunt

70 2417 270 2483 indicia,
320 2419 492 2484 quibus
539 2419 630 2470 Dei
674 2420 901 2487 consilia,
946 2427 1246 2487 aeternaque
1296 2422 1509 2473 decreta«
1538 2429 1837 2474 reserantur.
1913 2423 2074 2483 Quare
2099 2407 2164 2476 sssi
2202 2439 2372 2476 eorum

72 2509 255 2575 series,
294 2509 465 2576 quibus
500 2508 590 2561 Dei
627 2526 736 2562 cum
772 2510 1052 2577 Abrahamo
1089 2514 1366 2582 οἰκονομία
1404 2515 1692 2580 continetur,
1732 2514 1973 2565 simillima
2010 2514 2076 2565 illi
2113 2517 2187 2583 sit,
2228 2532 2369 2583 quam

68 2703 297 2748 doctorum
333 2707 678 2767 gemaricorum,
715 2707 963 2754 Berachoth
998 2721 1092 2768 cap.
1116 2709 1173 2769 V,

66 2791 246 2851 Josephi
299 2793 451 2854 Albo,
517 2795 687 2854 Sepher
743 2796 930 2842 ikkarim
985 2797 1064 2842 lib.
1100 2796 1172 2842 111.

68 2890 161 2936 cap.
187 2878 310 2941 XXI,
348 2881 600 2928 Salomonis
634 2883 785 2930 Jarchi
821 2885 878 2930 ad
911 2885 981 2930 Ps.
1018 2885 1079 2946 ΙΙ,
1130 2891 1174 2930 et

0 2971 2 3036 g
66 2964 136 3009 Ps.
156 2966 305 3028 LXXI,
339 2969 524 3015 Davidis
545 2971 719 3016 Kimchi
749 2972 805 3018 ad
836 2973 1019 3018 eosdem
1054 2974 1173 3032 psal-

0 3071 2 3092 ι
70 3064 195 3113 mos,
262 3061 307 3100 et
356 3057 677 3121 AbarbeneliS,

72 3139 132 3182 fo.
170 3139 246 3185 51.

27 3203 37 3214 “
111 3273 115 3276 ,
177 3225 246 3288 ¹⁶)
296 3229 393 3277 Joh.
440 3234 495 3279 v.
545 3234 801 3297 39—46;
865 3235 966 3282 Luc.
1013 3237 1171 3283 xxlv.

71 3312 549 3386 26-27-45-463
595 3321 696 3367 Luc.
733 3310 869 3368 xxu.
906 3325 983 3369 37.
1011 3359 1106 3376 ....

177 3401 248 3462 ¹⁷)
297 3403 443 3452 Matth.
479 3408 530 3453 ΙΙ.
568 3412 769 3472 5-6,
800 3411 917 3457 XXI.
960 3413 1193 3474 4-42,

70 3486 205 3532 XXII.
264 3489 360 3551 42,
409 3493 565 3542 XXVI.
612 3499 708 3560 563
775 3499 906 3543 Marc.
960 3500 1034 3546 IV.
1086 3500 1172 3561 12,

69 3574 185 3620 XIV.
218 3576 308 3639 49,
341 3578 572 3630 Luc.V111.
596 3585 680 3647 10,
716 3587 875 3633 XXIV.
912 3587 1173 3633 26-—27—

4 3695 6 3698 >
71 3662 293 3727 45—463
334 3667 437 3713 Joh.
471 3668 564 3716 XII.
599 3673 689 3734 40,
735 3675 852 3720 XIX.
889 3675 1121 3720 28—29.

173 3753 241 3814 ¹³)
289 3754 379 3799 Gal.
417 3756 490 3801 ΙΙΙ.
530 3757 614 3822 163
662 3761 696 3807 I.
732 3762 844 3808 Petr.
882 3763 915 3808 I.
956 3762 1166 3809 10—11

8 3896 9 3908 ἵ
68 3838 231 3902 -12,
285 3842 337 3887 ΙΙ.
382 3843 472 3906 243
529 3845 660 3894 Hehr.
707 3850 740 3895 Ι.
787 3851 844 3911 33
899 3852 1024 3897 Rom.
1072 3852 1168 3897 XV.

9 3959 10 3962 η
70 3925 116 3971 9.
151 3941 272 3994 seqq.
879 3950 882 3953 ·

171 4015 241 4078 ¹⁹)
287 4017 487 4064 Clemens
531 4033 643 4066 rom.
679 4021 712 4068 1.
759 4025 815 4070 ad
850 4025 952 4072 Cor.
1000 4042 1043 4072 n.
1083 4027 1170 4090 ¹23

65 4099 259 4150 Justinus
304 4107 347 4152 in
393 4098 579 4167 dialogo
626 4123 724 4156 cum
772 4112 932 4174 Tryph.
987 4129 1029 4162 n.
1079 4114 1170 4178 683

748 3061 924 3106 Zebach
990 3062 1170 3121 pesach.

1259 2709 1465 2755 Irenaeus
1502 2710 1603 2756 adv.
1639 2710 1814 2755 haeres.
1861 2710 1937 2755 lib.
1974 2711 2048 2756 IV.
2097 2723 2193 2771 cap.
2230 2710 2368 2756 XXV.

1257 2811 1300 2842 n.
1337 2798 1393 2858 3,
1448 2812 1543 2857 cap.
1586 2798 1746 2844 XXVI.
1802 2813 1844 2844 n.
1886 2798 1941 2861 1¹3
1997 2799 2198 2844 Clemens
2252 2799 2366 2845 alex.

1259 2886 1472 2931 Stromat.
1508 2886 1586 2931 lib.
1610 2887 1667 2931 V.
1702 2901 1774 2931 nn.
1803 2887 1966 2932 6—8.
1994 2921 2005 2932 .

1362 3001 1436 3062 ²⁰)
1476 3001 1765 3049 Tertullianus
1787 3005 1888 3050 adv.
1909 3005 2174 3050 Marcionem
2198 3003 2273 3049 lib.
2296 3002 2370 3048 111.

1257 3101 1382 3148 capp.
1402 3089 1668 3151 VII—-XVI,
1697 3092 1772 3138 lib.
1792 3093 1867 3138 IV.
1893 3107 1989 3153 cap.
2013 3092 2193 3153 XXXV,
2223 3092 2298 3137 lib.
2312 3091 2367 3137 V.

1257 3189 1353 3235 cap.
1389 3177 1497 3240 VII,
1548 3179 1767 3226 Eusebius
1810 3182 2061 3242 Praeparat.
2106 3181 2279 3239 Evang.
2329 3185 2374 3225 et

1256 3264 1553 3313 Demonstrat.
1589 3267 1760 3328 Evang.

1360 3382 1434 3443 121)
1471 3382 1539 3429 Ex
1564 3386 1619 3429 iis
1643 3386 1759 3430 enim
1796 3386 2003 3431 iudicium
2038 3386 2214 3445 pendet,
2251 3385 2369 3443 quod

1257 3469 1313 3513 de
1337 3472 1510 3516 ratione
1545 3473 1762 3518 ecclesiae
1798 3474 2172 3520 administrandae
2198 3487 2221 3519 a
2248 3473 2373 3526 Chri—

1255 3563 1327 3602 sto
1363 3560 1561 3606 instituta
1597 3561 1703 3607 ferri
1740 3562 1888 3608 debet.

1359 3674 1434 3735 22)
1469 3676 1605 3722 Unius
1630 3679 1769 3737 enim,
1806 3679 2045 3723 alteriusve
2070 3680 2368 3726 testimonium

1254 3764 1365 3808 tanti
1389 3776 1477 3809 non
1502 3771 1584 3826 est,
1620 3771 1668 3810 ut
1690 3766 2008 3811 dubitationem
2043 3779 2215 3813 omnem
2243 3781 2370 3827 prae-

1255 3850 1388 3897 cidat.
1445 3852 1541 3898 Abs
1576 3867 1624 3898 re
1658 3859 1804 3899 tamen
1840 3867 1926 3900 non
1962 3855 2094 3901 fuerit
2128 3856 2366 3916 monuisse,

1255 3939 1317 3984 de'
1352 3939 1436 3984 hac
1469 3940 1770 3987 Abrahamum
1815 3943 1930 3988 inter
1974 3943 2234 4004 Pet-rumque
2279 3942 2371 3989 col-

1254 4025 1422 4073 latione
1474 4027 1741 4075 Bernardum
1801 4032 2025 4089 cogitasse
2079 4032 2134 4077 de
2186 4030 2368 4076 Consid.

1253 4113 1329 4160 lib.
1355 4115 1408 4162 11.
1446 4129 1541 4177 cap.
1567 4117 1640 4163 lx.

1894 4207 2002 4269 4*
