2574 4276
1061 158 1302 213 CAPUT
1371 159 1443 211 x.
1523 172 1527 176 «
2335 161 2402 209 99

104 317 243 370 quae
276 299 588 352 adhibentur:
638 299 811 366 probat
857 298 1140 351 manifestus
1190 299 1423 350 orationis
1469 295 1725 361 transituS,
1771 294 1853 359 qui
1901 293 2185 360 exprimitur
2230 272 2410 363 verbis,

104 391 187 444 δ’τε
222 386 317 444 οὖν
360 388 667 457 ἠρίστησαν,
718 390 853 457 λέγει
897 372 973 458 ἐῷ
1018 388 1237 457 Σίμωνι
1283 388 1470 456 Πέτρῳ
1520 388 1548 437 ὁ
1594 384 1825 447 Ἰησοῦςι
1872 384 2046 450 probat
2086 387 2413 452 comparativa

99 483 333 549 loquutiO,
372 479 593 548 ἀγαπᾷς
630 500 695 548 με
727 480 908 532 πλεῖον
941 478 1165 544 mortun,-
1204 479 1375 548 diliqis
1411 496 1491 529 me
1520 476 1640 542 plus
1676 475 1800 526 his?
1842 490 2007 542 neque
2035 476 2165 526 enim
2189 476 2303 527 huic
2339 477 2413 528 lo-

102 589 187 625 cus
225 588 339 625 esse
371 579 579 638 posset„
614 574 655 623 si
692 572 753 623 ad
789 587 961 623 omnes
1003 587 1067 623 ex
1110 586 1269 638 aequo
1308 570 1483 622 Christi
1517 568 1669 619 verba
1705 568 2031 634 pertinerent:
2082 565 2290 631 probant
2327 567 2412 618 de-

99 665 248 730 nique
271 668 288 691 ⁵
358 664 638 730 sequentia,
688 678 813 730 quae
862 663 1001 714 sicuti
1048 662 1110 713 ad
1153 648 1303 712 unum
1345 661 1538 711 Petrum
1585 659 1857 710 certissime
1894 663 2138 724 spectant,
2189 658 2254 708 ita
2303 674 2413 708 cum

98 755 503 821 praecedentibus
539 755 810 807 arctissime
853 753 1204 805 devinciuntur.
1277 752 1443 816 Itaque
1487 764 1611 800 unus
1656 755 1731 800 est
1765 748 1963 814 Petrus,
2011 764 2156 814 quem
2194 747 2410 800 Christus

104 845 386 912 alloquitur,
425 846 629 912 eiusque
659 846 843 896 idcirco
865 847 882 872 ⁶
932 848 1143 909 propria
1178 841 1373 892 censeri
1409 840 1588 891 debent
1624 854 1962 906 quaecumque
2000 840 2234 899 dicuntur.

285 940 397 986 102.
467 936 539 987 Ea
573 949 694 987 vero
730 935 907 987 eximia
942 938 1201 999 praeterea
1237 945 1350 982 esse
1389 936 1438 981 et
1472 929 1725 995 sublimia,
1773 930 1939 997 colligi
1987 932 2195 997 primum
2246 946 2310 983 ex
2354 947 2414 982 ea

102 1027 216 1078 dote
252 1033 427 1094 potest,
468 1041 612 1092 quam
647 1032 817 1077 instar
840 1029 993 1090 pretii
1028 1022 1186 1074 semel
1211 1038 1269 1072 ac
1292 1022 1437 1073 tertio
1471 1021 1687 1072 Christus
1724 1020 1972 1088 efflagitat.
2046 1022 2244 1074 Vicibus
2282 1024 2412 1073 enim

101 1119 297 1169 omnino
334 1117 484 1168 tribus
519 1116 751 1182 postulat:
794 1114 1012 1182 ἀγαπᾷς
1047 1132 1114 1180 με
1143 1113 1324 1164 πλεῖον
1346 1110 1572 1174 τούτωνς
1609 1109 1778 1180 diliqis
1817 1128 1898 1161 me
1931 1116 2209 1175 impensius
2231 1116 2247 1139 ⁷
2290 1111 2415 1163 his?

100 1209 190 1260 sed
234 1206 641 1274 quemadmodum
684 1208 955 1273 praemium
1003 1206 1196 1257 divinae
1245 1205 1454 1256 caritatis
1505 1205 1674 1270 nequit
1717 1217 1819 1253 non
1864 1216 1978 1254 esse
2030 1203 2287 1270 eximium,
2348 1205 2413 1255 ita

94 1302 601 1364 praestantissimum
636 1299 698 1349 sit
733 1304 949 1365 oportet,
999 1297 1130 1364 quod
1166 1298 1350 1348 caritati
1385 1295 1692 1363 rependitur,
1741 1310 1867 1361 quae
1905 1295 2202 1361 impensior,
2251 1311 2409 1361 eaque

96 1372 222 1441 foret
266 1392 452 1457 potior,
505 1405 600 1456 qua
648 1389 877 1456 apostoli,
929 1388 1247 1455 discipulique
1294 1388 1575 1455 flagrarent.
1647 1386 1726 1438 Ad
1760 1387 1911 1452 haec,
1972 1402 2135 1452 neque
2172 1387 2409 1454 vulgaria,

98 1496 260 1546 neque
299 1481 600 1547 communia,
638 1480 727 1532 sed
765 1481 1003 1548 exquisita
1042 1486 1091 1531 et
1124 1481 1419 1546 praest-antia
1455 1479 1688 1530 inculcari
1723 1493 1890 1545 saepe,
1931 1484 1979 1528 et
2013 1477 2252 1542 crebrius¹
2274 1492 2409 1527 com-

95 1572 315 1622 mendari
352 1571 525 1623 solent.
599 1571 816 1623 Christus
851 1586 1002 1638 porro
1039 1577 1120 1622 ter
1155 1571 1364 1622 inculcat
1401 1576 1449 1621 et
1486 1571 1795 1622 commendat
1836 1569 1966 1636 quod
2003 1568 2147 1618 Petro
2185 1568 2409 1634 impertit.

96 1661 359 1714 Praeterea
395 1678 543 1714 nemo
581 1669 657 1714 est
693 1678 839 1729 quem
874 1663 1050 1730 lateat,
1087 1664 1214 1714 inter
1251 1678 1454 1715 munera
1488 1663 1712 1713 divinitus
1751 1662 2007 1712 constituta
2043 1658 2158 1709 illud
2191 1659 2426 1710 eminere

96 1759 240 1819 atque
279 1754 554 1820 excellere,
594 1754 726 1820 quod
756 1761 1023 1819 pastorum
1057 1761 1373 1822 nuncupatur.
1447 1753 1571 1804 Nam
1606 1759 1655 1804 et
1691 1752 1907 1819 episcopi
1929 1754 1946 1778 ⁸
2002 1768 2029 1802 a
2069 1751 2408 1818 Spiritu-san-

98 1850 175 1895 cto
210 1846 354 1910 positi
392 1845 641 1911 dicuntur,
680 1851 731 1896 ut
764 1853 972 1912 pascant·
1000 1861 1233 1914 gregem,
1273 1846 1354 1911 qui
1391 1845 1441 1895 in
1474 1846 1591 1911 ipsis
1630 1851 1729 1896 est:
1770 1852 1818 1896 et
1855 1845 1915 1896 de
1950 1842 2225 1911 pastoribus
2260 1848 2408 1894 testa-

97 1940 174 1984 tur
207 1934 381 1987 Paulus
405 1937 422 1962 ⁹
442 1975 455 2002 ,
503 1951 591 1988 eos
628 1937 868 1989 institutos
905 1953 934 1988 a
971 1938 1160 1989 Christo
1197 1943 1458 2004 propterea
1505 1951 1646 2003 esse,
1695 1943 1746 1988 ut
1785 1953 2114 1988 occurramus
2151 1952 2321 1986 omnes
2356 1941 2410 1985 in

97 2031 344 2077 unitatem
388 2025 566 2093 fidei-L
597 2033 647 2078 et
690 2033 962 2096 aquiiionis
999 2026 1127 2079 Filii
1162 2026 1288 2090 Dei,
1336 2033 1391 2079 in
1432 2033 1600 2097 virum
1645 2026 1958 2096 perfectum,
2007 2033 2061 2078 in
2108 2043 2406 2077 mensuram

98 2122 281 2168 aetatis
313 2117 648 2182 plenitudinis
683 2117 890 2171 Christi.
962 2120 1191 2171 Jamvero
1229 2121 1279 2170 in
1311 2121 1575 2186 praesenti,
1615 2135 1761 2187 quem
1796 2134 2052 2172 versamus
2084 2119 2212 2185 locO,
2239 2118 2407 2170 Petrus

98 2209 354 2260 instituitur
390 2225 490 2260 non
525 2210 682 2261 solum
718 2217 909 2278 pastor,
947 2211 1037 2264 sed
1070 2218 1237 2278 pastor
1273 2210 1385 2262 κατ’
1421 2205 1613 2275 ἐξοχὴν
1645 2218 1694 2263 et
1730 2213 2096 2264 oecumenicus.

279 2305 392 2351 103.
466 2299 728 2353 Instituitur
759 2309 950 2369 pastor:
999 2302 1066 2353 illi
1098 2318 1308 2370 namque
1346 2303 1546 2370 dicitur,
1592 2303 1835 2371 ποίμαινε
1880 2297 1946 2355 τά
1996 2298 2240 2372 πρόβατά
2285 2319 2404 2368 μου.

101 2388 360 2442 Instituitur
393 2398 559 2458 pastor
592 2393 706 2443 κατ’
742 2391 958 2457 ἐξοχήνι
994 2394 1054 2445 ab
1093 2409 1154 2446 60
1182 2409 1394 2460 namque
1420 2395 1687 2465 impensior
1711 2396 1885 2446 caritas
1913 2396 2150 2461 exigitur:
2189 2391 2407 2461 ἀγαπᾷς

101 2499 164 2546 με
200 2481 380 2533 πλεῖον
412 2482 644 2547 totitem),-
713 2485 897 2536 Institui
931 2501 1052 2537 vero
1092 2492 1335 2552 pastorem
1365 2487 1752 2552 oecumenicum,
1789 2502 1853 2537 ex
1889 2486 2059 2537 ovibus
2096 2491 2242 2552 patet,
2282 2500 2406 2551 quae

102 2571 227 2623 illius
274 2588 420 2625 curae
464 2575 738 2626 creduntur.
811 2575 984 2643 Neque
1032 2578 1161 2628 enim
1195 2576 1290 2628 hae
1327 2583 1407 2628 aut
1453 2577 1565 2628 illae
1606 2576 1734 2628 Petri
1771 2577 1937 2628 studiis
1980 2577 2404 2642 commendantur3

202 2753 246 2815 ⁵)
282 2755 385 2800 Joh.
419 2755 536 2801 XXI.
576 2755 805 2803 18—23.

199 2840 244 2901 6)
291 2842 405 2887 Hinc
449 2843 523 2888 illa
570 2845 761 2890 iunioris
802 2844 993 2891 Arnohii
1040 2847 1096 2892 ad
1138 2847 1206 2892 Ps.

101 2928 384 2976 CXXXVIII:
442 2932 586 2992 „Illud
632 2933 845 2994 ostendo,
901 2935 1022 2994 quod
1065 2936 1208 2980 nullus

101 3017 404 3074 apostolorum
438 3033 600 3066 nomen
635 3023 831 3080 pastoris
868 3023 1053 3082 accepit.
1126 3024 1210 3069 So-

99 3104 167 3148 lus
203 3106 318 3151 enim
350 3107 566 3153 Dominus
601 3109 730 3154 Jesus
766 3110 965 3156 Christus
1000 3111 1206 3156 dicebat:

101 3192 197 3251 qu
241 3207 338 3239 sum
378 3203 541 3255 pastor
583 3195 741 3242 bonus.
952 3199 1049 3243 Hoc
1096 3211 1206 3256 ergo

101 3292 261 3329 nomen
295 3289 517 3344 sanctum,
571 3290 616 3330 et
660 3286 799 3344 ipsius
845 3287 1039 3331 nominis
1085 3291 1211 3346 pote-

101 3371 262 3412 statem
317 3376 420 3428 post
469 3374 840 3419 resurrectionem
893 3388 1017 3420 suam
1076 3374 1207 3419 Petro

101 3456 347 3513 poenitenti
380 3459 651 3506 concessit.“

200 3543 246 3603 ⁷)
297 3543 468 3591 Etenim
517 3547 673 3596 πλεῖον
726 3550 925 3596 eamdem
973 3551 1073 3596 heic
1117 3552 1208 3596 vim

100 3630 295 3688 praefert
328 3646 380 3677 ac
414 3632 514 3680 Luc.
539 3637 636 3684 VII.
661 3638 751 3684 42:
816 3638 898 3692 Τίς
933 3629 1012 3684 οὖν
1058 3630 1210 3684 αὐτῶν

101 3715 256 3764 πλεῖον
292 3711 431 3766 αὐτὸν
465 3712 690 3785 ἀγαπήσει
701 3743 719 3782 ,·
752 3733 856 3774 uter
881 3729 1025 3788 ὁρίων
1048 3727 1210 3774 horum

79 3807 349 3867 »impensius
383 3823 489 3855 eum
523 3812 728 3860 amabit?

203 3895 248 3957 ⁸)
284 3896 384 3941 Act.
422 3897 519 3943 XX.
556 3898 635 3946 28.

200 3981 246 4045 ⁹)
280 3984 444 4044 Ephes.
491 3986 566 4032 lv.
619 3985 848 4035 11-15,
926 3988 1128 4035 Iamvero
1172 3990 1211 4036 si

102 4075 331 4130 pastorum
366 4073 642 4120 institutione
665 4088 720 4122 eo
746 4076 945 4124 Christus
970 4079 1209 4124 universim

1293 2760 1538 2819 spectavit,
1590 2763 1638 2803 ut
1669 2749 1823 2817 ἑνότης
1856 2756 2051 2811 πίστεως
2085 2759 2406 2820 custodiretur;

1293 2848 1411 2892 idem
1436 2849 1476 2892 ei
1507 2847 1785 2906 propositum
1819 2846 1956 2891 fuisse
1991 2847 2238 2908 consilium,
2275 2861 2403 2905 quum

1292 2936 1421 2981 Petro
1466 2936 1606 2995 dixit,
1648 2948 1796 2994 pasce
1832 2949 1936 2980 oves
1970 2949 2124 2993 meas,
2169 2934 2403 2979 tenendum

1293 3027 1375 3067 est.
1446 3022 1542 3066 Hoc
1579 3027 1724 3068 autem
1760 3023 1948 3068 interest
1976 3023 2150 3068 Petrum
2185 3024 2299 3067 inter
2334 3035 2406 3067 ce-

1292 3115 1500 3169 terosque
1534 3116 1754 3172 pastoreS,
1791 3112 1909 3170 quod
1938 3112 2010 3156 ille
2034 3124 2187 3156 omnes
2222 3111 2403 3155 omnino

1295 3198 1456 3243 Christi
1499 3212 1608 3244 oves
1642 3202 1686 3244 in
1722 3199 1902 3246 tutelam
1948 3200 2195 3259 receperit:
2245 3200 2402 3243 horum

1294 3291 1446 3331 contra
1470 3300 1601 3332 nemo
1627 3288 1700 3348 sit,
1739 3289 1863 3333 cuius
1890 3302 2045 3332 munus
2079 3293 2167 3332 tam
2202 3287 2405 3345 ampliter

1290 3379 1456 3434 pateat.
1524 3375 1594 3420 Ex
1627 3377 1714 3422 hoc
1746 3389 1882 3436 porro
1919 3377 2170 3421 discrimine
2217 3375 2400 3420 alterum

1292 3463 1495 3508 oboritur
1548 3464 1603 3509 ad
1657 3464 1922 3510 efferendam
1967 3464 2083 3508 Petri
2139 3463 2402 3521 dignitatem

1292 3553 1821 3604 accommodatissimum.
1857 3553 1939 3598 Est
1958 3558 2100 3597 autem
2118 3551 2400 3598 huiusmodi:

1291 3646 1496 3699 pastores
1531 3641 1728 3699 reliquos
1764 3641 1991 3685 institutos
2021 3654 2044 3684 a
2071 3639 2247 3686 Christo
2284 3654 2399 3701 esse,

1292 3733 1341 3773 ut
1374 3743 1539 3787 greges
1575 3729 1735 3788 quique
1770 3740 1875 3772 suos
1900 3729 1942 3771 in
1967 3727 2069 3772 fidei
2099 3729 2268 3773 unitate
2292 3742 2399 3774 con-

1293 3819 1491 3878 tineant3
1542 3817 1672 3862 Petro
1723 3828 1832 3860 vero
1886 3817 2113 3862 universas
2163 3823 2398 3876 propterea

1293 3916 1403 3950 oves
1440 3904 1628 3949 creditas
1665 3916 1785 3963 esse,
1821 3908 1869 3948 ut
1904 3904 2169 3950 catholicam
2204 3905 2398 3950 omnium

1292 3992 1538 4052 unitatem,
1603 3992 2028 4052 consensionemque
2077 3993 2262 4052 proprio
2311 3992 2399 4038 sibi

1295 4079 1392 4125 iure
1421 4083 1606 4125 tueatur.

1945 4165 2047 4230 708·
