2574 4276
158 90 224 138 64
684 46 687 48 ’
1043 86 1262 140 LIBER
1332 85 1613 140 PRIMUS

157 228 540 282 incumbendum
583 234 684 295 est,
723 234 775 278 ut
809 227 934 278 ratio
972 226 1301 292 comperiatur
1338 225 1515 292 aliqua,
1556 241 1651 293 qua
1686 227 1814 277 inter
1850 219 2071 290 diversas
2108 228 2493 297 significationes

158 317 419 387 ἀναλογία
465 327 631 371 tamen
674 334 774 370 non
819 319 1012 385 penitus
1061 317 1307 368 interiisse
1357 317 1653 369 declaretur.
1728 317 1865 378 Quae
1913 319 2109 385 quidem
2156 322 2280 372 ratio
2328 336 2492 388 neque

161 412 423 464 admodum
472 413 521 462 in
557 413 836 480 praesentia
874 409 1084 459 obscura
1123 413 1224 473 est,
1276 423 1441 474 neque
1478 409 1676 476 longius
1712 408 2026 463 arcessenda.
2100 412 2238 473 Quae
2276 415 2406 465 enim
2445 415 2494 463 in

165 521 222 556 re
262 504 643 556 architectonica
683 508 758 553 est
795 504 971 563 σχέσις
1002 498 1338 568 fitndamenti
1373 515 1492 567 prae
1522 499 1760 567 aedificic,
1801 500 1974 552 eadem
2010 503 2061 553 in
2092 506 2380 557 animalibus
2421 512 2496 556 est

161 598 334 649 relatio
374 601 554 661 capitis
592 608 710 660 prae
748 591 1009 657 membriS,
1060 598 1109 642 et
1145 592 1195 641 in
1232 592 1469 643 societate
1505 591 1679 643 relatio
1712 598 1960 658 principis
1997 609 2114 660 prae
2150 599 2235 665 iis,
2285 599 2367 666 qui
2402 599 2493 648 im-

158 690 297 755 perio
349 692 602 755 reguntur.
680 684 921 735 Convenit
965 698 1089 750 ergo
1127 683 1255 734 inter
1301 690 1560 750 utramque
1597 698 1800 752 vocem,
1853 690 1997 751 atque
2034 686 2099 736 ita
2137 690 2392 755 convenit,
2443 694 2495 739 ut

161 801 445 853 orthodoxis
481 797 756 849 nullatenus
799 812 973 848 caussa
1013 795 1249 863 defuerit,
1301 813 1396 863 qua
1432 804 1690 864 utramque
1729 798 1873 849 simul
1910 807 2086 851 vocem
2134 774 2277 864 12:³2
2326 807 2376 853 et
2410 820 2492 854 κε-

161 891 340 964 φαλήν
378 897 735 957 compararent.
2172 892 2175 894 ’
2260 875 2287 891 ²

339 989 420 1034 45.
493 983 798 1049 Quamquam
838 983 900 1034 ad
935 983 1111 1034 iustam
1149 988 1372 1033 veterum
1396 988 1587 1048 patrum
1627 982 1967 1034 defensionem
2003 983 2130 1035 haec
2167 985 2368 1036 minime
2403 1000 2492 1038 ne-

159 1076 375 1128 cessaria
413 1090 528 1126 esse
563 1090 653 1142 pro
693 1081 829 1126 certo
866 1074 1043 1126 habeo.
1116 1074 1216 1127 Res
1254 1075 1385 1125 enim
1423 1063 1498 1126 est
1534 1057 1784 1127 sexcentis
1834 1076 2149 1143 comprobata
2185 1077 2493 1143 testimoniiS,

159 1167 474 1237 etymologiis
512 1174 659 1234 atque
698 1166 1014 1219 allusionibus
1047 1166 1155 1233 plus
1189 1165 1348 1218 semel
1374 1166 1541 1218 Patres
1579 1166 1725 1234 abuti,
1766 1183 1866 1219 non
1903 1169 2033 1235 quod
2070 1169 2372 1237 ignorarent,
2411 1168 2492 1220 vel

158 1261 265 1313 illas
304 1276 415 1311 cum
452 1261 644 1312 sincera
685 1261 1042 1312 derivationum
1080 1260 1269 1309 ratione
1307 1258 1467 1309 minus
1503 1258 1634 1310 belle
1674 1262 1982 1328 consentire,
2033 1261 2114 1312 vel
2160 1278 2224 1313 ex
2271 1263 2329 1313 iis
2367 1262 2493 1313 sumi

158 1359 450 1422 argumenta
488 1368 587 1404 non
624 1368 802 1421 posse,
853 1352 942 1404 sed
980 1351 1111 1419 quod
1147 1351 1252 1402 aliis
1293 1351 1354 1401 de
1406 1353 1592 1403 caussis
1631 1352 1972 1404 adeiusmodi
2010 1353 2325 1418 collationeS,
2377 1351 2495 1403 allu-

159 1447 426 1512 sionesque
473 1445 733 1496 sectandas
787 1450 1213 1512 permoverentur.
1289 1443 1393 1494 Hae
1433 1450 1596 1494 autem
1632 1446 1937 1511 potissimum
1975 1452 2139 1496 erant:
2191 1445 2224 1496 Ι.
2267 1444 2495 1511 studium,

161 1554 257 1607 quo
306 1538 487 1589 nullam
534 1537 831 1604 praeterlabi
874 1538 1190 1589 occasionem
1239 1534 1465 1587 sinebant
1507 1536 1750 1587 fovendae
1795 1537 2012 1605 pietatis,
2061 1553 2218 1610 eaque
2256 1535 2496 1604 δόγματα

159 1630 458 1697 inculcandi,
498 1630 672 1697 quibus
711 1629 974 1680 christiana
1010 1628 1256 1695 professio
1295 1628 1596 1690 continetur:
1635 1635 1736 1680 tum
1766 1628 1821 1679 Il.
1859 1630 2146 1696 persuasio,
2185 1644 2280 1695 qua
2315 1628 2409 1680 sihi
2445 1628 2495 1678 in

162 1725 375 1775 animum
420 1722 742 1788 induxerant,
788 1721 1050 1772 bibliorum
1096 1721 1415 1786 interpretem
1463 1735 1564 1770 non
1614 1735 1675 1771 eo
1722 1736 1879 1787 usque
1918 1722 2269 1788 grammaticae
2306 1719 2494 1788 regulis

162 1816 479 1867 constrictum
518 1830 631 1866 esse
668 1820 927 1882 oportere,
965 1819 1017 1864 ut
1053 1812 1284 1864 facultate
1316 1813 1559 1880 privetur,
1612 1828 1707 1879 qua
1742 1828 1831 1880 pro
1867 1815 2253 1880 opportunitate,
2306 1811 2369 1863 ad
2404 1810 2497 1863 alia

163 1923 320 1975 eaque
356 1908 629 1974 propinqua
667 1913 716 1958 et
753 1905 1058 1959 excolendae
1095 1903 1328 1970 religioni
1364 1905 1734 1957 accommodata
1771 1906 2087 1973 digrediatur.

340 1999 538 2066 PauciS,
578 2014 677 2050 non
714 1999 838 2050 aliae
876 1997 1095 2048 Patribus
1134 1995 1330 2048 fuerunt
1367 2012 1573 2048 caussae
1619 1998 1782 2065 paullo
1832 1998 2055 2050 licentius
2096 1995 2410 2065 etymologiis
2447 2000 2495 2045 et

162 2092 480 2144 allusionibus
519 2091 853 2158 obsequendi,
895 2107 1040 2157 quam
1077 2105 1163 2141 eas
1204 2089 1414 2140 venandi
1451 2091 1902 2159 interpretationes,
1955 2107 2075 2158 quas
2112 2105 2140 2141 a
2179 2087 2498 2155 grammatica

163 2183 522 2252 significatione
559 2182 666 2250 plus
702 2184 926 2234 minusve
965 2181 1294 2248 discedentes,
1336 2182 1472 2233 κατα
1511 2158 1752 2245 >commota
1790 2191 1839 2235 et
1879 2181 2294 2235 accommodatas
2330 2179 2497 2229 dicere

163 2293 271 2329 mos
307 2283 395 2328 est.
468 2276 920 2342 Impudentissimos
969 2290 1089 2326 vero
1136 2290 1191 2326 se
1230 2274 1577 2342 ostenderent,
1629 2277 1709 2342 qui
1746 2276 1919 2327 harum
1958 2277 2319 2343 expositionum
2356 2286 2497 2323 caus-

163 2387 269 2424 sam
304 2370 487 2421 levitati
526 2375 670 2435 atque
708 2369 979 2434 imperitiae
1018 2367 1370 2418 adscriberent.
1446 2367 1545 2419 Sed
1583 2370 1822 2435 exempHs
1859 2384 1942 2420 res
1979 2368 2063 2419 fiet
2094 2366 2338 2419 illust-rior.

345 2468 425 2512 46.
488 2460 696 2525 ,Sciebat
746 2459 967 2527 profecto
1013 2459 1369 2527 HieronymuS,
1423 2457 1589 2511 Pauli
1636 2475 1817 2511 nomen
1853 2477 1966 2512 esse
2003 2460 2225 2524 latinum,
2278 2462 2327 2507 et
2365 2454 2495 2506 idem

165 2572 343 2608 sonare
396 2554 528 2622 quod
570 2551 821 2619 pusillum
850 2555 890 2578 ¹⁷
947 2559 995 2603 et
1043 2568 1252 2620 corpore
1300 2569 1519 2619 parvum.
1595 2553 1919 2604 Nihilominus
1973 2552 2086 2604 dum
2134 2549 2388 2618 epistolam
2437 2547 2499 2598 ad

163 2649 500 2700 Philemonem
540 2646 905 2697 commentariis
945 2645 1197 2711 explanat,
1239 2645 1439 2696 Paulum
1480 2648 1827 2714 interpretatur
1856 2648 1898 2671 ¹³
1938 2641 2318 2704 admirabilem,
2358 2656 2416 2690 ac
2454 2639 2496 2691 si

162 2758 262 2794 vox
299 2747 433 2794 esset
458 2757 522 2791 ex
549 2739 782 2790 hebraica
819 2734 954 2798 &59
988 2736 1325 2801 admirabil2’3‚
1366 2737 1589 2789 deducta.
1667 2738 1863 2791 Sciebat
1902 2735 2120 2788 Romam
2157 2748 2339 2786 nomen
2381 2747 2494 2783 esse

164 2886 378 2938 graecae
428 2867 634 2936 originis
665 2871 726 2933 ¹⁹,
773 2867 1003 2934 idemque
1041 2883 1222 2919 sonare
1260 2883 1317 2918 ac
1354 2865 1562 2935 ῥώμην,
1618 2865 1800 2930 robur,
1843 2871 2100 2916 virtutem.
2171 2861 2496 2914 Nihilominus

163 2965 213 3014 in
252 2963 406 3014 altero
445 2968 613 3013 contra
639 2960 947 3045 Joviniatnum
985 2959 1109 3010 libro
1147 2959 1344 3011 scribit:
1419 2957 1579 3025 „Urbs
1618 2958 1826 3025 apostoli
1860 2972 1986 3009 voce
2023 2940 2217 3007 laudata
2253 2955 2494 3019 interpre-

165 3063 270 3107 tare
320 3062 454 3106 tuum
492 3069 700 3119 nomen,
736 3050 1068 3120 fortitudinis
1118 3059 1193 3103 est
1231 3051 1358 3118 apud
1390 3067 1630 3119 qraecos’,
1682 3049 1999 3101 celsitudinis
2039 3047 2164 3116 apud
2200 3043 2499 3097 hebraeos.“

167 3146 397 3200 Sciebant
432 3146 600 3197 Patres
635 3142 820 3207 πάσχα
856 3159 1033 3195 vocem
1072 3160 1184 3196 esse
1223 3140 1452 3206 ἅκλιτον,
1493 3143 1697 3210 originis
1734 3131 2013 3208 hebraicae,
2052 3141 2494 3205 idemquenotare

167 3256 225 3291 ac
263 3243 397 3317 Πςξρ
435 3243 727 3289 transitum.
800 3237 1017 3288 Justinus
1054 3243 1218 3287 tamen
1256 3223 1304 3287 in
1343 3234 1541 3303 dialogo
1580 3220 1690 3286 cum
1732 3233 2009 3303 Tryphone,
2051 3231 2376 3283 Tertullianus
2413 3229 2497 3281 ad—

167 3384 342 3419 versus
386 3368 626 3432 Judaeos,
681 3365 858 3431 aliique
908 3380 1092 3416 nomen
1136 3365 1252 3415 illud
1285 3371 1579 3430 passionem
1615 3363 1850 3429 reddunt,
1901 3378 1959 3413 ac
1996 3362 2037 3413 si
2076 3375 2314 3427 graecum
2352 3358 2493 3423 foret,

170 3467 218 3510 et
266 3458 374 3512 απὸ
423 3461 515 3511 τοῦ
560 3456 787 3522 πάσχειν
831 3457 1089 3508 detortum.
1167 3457 1384 3516 Quorum
1435 3457 1631 3524 quidem
1681 3455 1896 3506 omnium
1935 3451 2240 3503 manifestam
2280 3468 2344 3502 ex
2382 3465 2495 3502 sese

171 3566 422 3619 caussam,
492 3558 542 3603 et
594 3568 623 3602 a
676 3550 818 3601 nobis
880 3548 1041 3616 paullo
1095 3556 1207 3600 ante
1263 3555 1721 3613 commemoratam,
1792 3545 1941 3596 multo
1996 3544 2156 3596 reddit
2209 3543 2497 3596 lucidiorem

283 3705 354 3766 ¹⁷)
395 3703 459 3749 Cf.
496 3705 721 3751 Barthium
756 3705 802 3749 in
838 3702 1029 3750 AdverS.
1078 3701 1154 3746 lib.
1193 3701 1288 3747 vll.
1485 3701 1560 3763 ¹⁹),
1615 3700 1713 3746 Nisi
1766 3699 1884 3744 forte
1942 3699 2235 3758 praeferenda
2295 3695 2500 3741 videatur

173 3798 271 3853 cap.
308 3793 384 3838 IV.
1377 3792 1533 3851 origo,
1571 3802 1702 3849 quam
1737 3787 1913 3850 LiviuS,
1950 3788 2193 3848 Dionysius
2227 3786 2498 3832 halicarnas-

1377 3881 1548 3941 sensis,
1602 3877 1857 3923 Plutarchus
1906 3881 1951 3922 et
1996 3877 2160 3922 Plinius
2210 3879 2495 3935 proponunt:

282 3970 353 4032 ¹³)
389 3969 538 4015 Etiam
568 3970 815 4027 Hesychius
851 3969 1036 4015 scribit:
1070 3963 1291 4023 Παῦλος·
1376 3970 1563 4015 Romam
1600 3966 1655 4012 ab
1692 3965 1890 4012 eiusdem
1941 3966 2173 4012 conditore
2206 3963 2394 4010 Romulo
2430 3961 2496 4007 di,

172 4050 455 4123 θαυμαστὸς
489 4049 521 4121 ἢ
554 4050 760 4113 ἐκλεκτός
794 4050 1065 4121 σύμβουλος.
1379 4062 1499 4104 ctam
1534 4056 1687 4104 fuisse.
