2574 4276
225 184 257 236 4
1088 180 1589 237 PROLEGOMEN
1591 185 1640 235 A

352 364 353 367 η
403 328 448 374 3.
504 322 747 374 Hactenus
784 321 1010 389 Thomas,
1049 328 1097 373 et
1134 338 1193 374 ea
1231 322 1425 388 quidem
1466 321 1729 375 verborum
1766 324 2027 392 gravitate,
2065 328 2511 395 sententiarumque

226 415 507 479 constantia,
541 421 593 465 ut
626 415 882 481 perspicue
923 418 1163 480 appareat,
1201 427 1300 463 non
1333 426 1460 463 nova
1496 428 1658 480 neque
1696 413 1862 480 dubia,
1909 415 2006 466 sed.
2029 418 2191 483 prisca
2229 424 2372 485 atque
2407 425 2512 471 rata

225 520 338 557 esse
388 521 512 572 quae
558 506 724 572 tradit,
776 519 997 571 quaeque
1036 503 1243 556 Scholae
1288 503 1535 570 theologis
1585 504 1899 566 custodienda
1947 509 2245 572 praescribit.
2329 510 2404 560 Ex
2437 510 2512 562 his

226 603 410 663 autem,
456 613 483 647 a
522 597 693 664 quibus
729 611 791 646 ne
827 594 929 645 lato.
959 596 1153 662 quidem
1197 611 1362 667 ungue
1399 596 1841 662 praestantissimos
1881 577 2100 670 quosque
2134 601 2395 668 theologos
2428 601 2513 652 ali-

226 689 418 754 quando
467 688 752 739 discessisse
800 692 1012 752 constat,
1067 702 1274 754 pronum
1321 694 1396 739 est
1439 687 1682 754 arbitrari,
1731 703 1822 754 qua
1868 689 2084 740 veritatis
2120 695 2309 761 specie,
2357 708 2513 760 quave

225 778 382 830 fronte
419 778 659 829 affirmare
693 778 931 830 Lutherus
967 781 1201 846 potuerit:
1239 779 1624 847 „Scholasticam
1660 778 1959 846 theologiam
1997 795 2109 831 esse
2145 792 2277 847 eam,
2324 793 2450 844 quae
2486 794 2514 828 a

224 871 558 936 parisiensium
586 869 820 926 ,Sorbona
854 874 1087 923 mixtione
1127 872 1335 939 quadam
1373 887 1437 923 ex
1475 871 1647 922 divinis
1682 870 1887 938 eloquiis
1926 877 1973 922 et
1999 869 2344 939 philosophicis
2367 871 2515 921 ratio—

223 961 377 1027 nibuS,
414 968 643 1029 tanquam
680 979 744 1015 ex
781 971 1119 1015 centaurorum
1159 978 1364 1031 genere,
1400 962 1619 1015 biformis
1657 963 1906 1030 disciplina
1945 964 2150 1016 conflata
2196 962 2320 1014 est.“
2392 960 2514 1011 Tum

221 1051 362 1103 facile
400 1053 706 1122 intelligitur,
744 1057 848 1107 iure
884 1072 947 1107 ne
961 1073 987 1124 ,·
1018 1071 1080 1107 an
1117 1057 1264 1108 satius
1299 1062 1351 1107 ut
1383 1070 1616 1120 caussae,
1665 1056 1742 1105 cui
1777 1056 2192 1122 patrocinabatur,
2242 1054 2514 1119 inserviret,

219 1145 542 1214 Hieronymus
590 1147 840 1215 Angestus
887 1148 1088 1200 relatam
1133 1148 1329 1200 Lutheri
1385 1147 1761 1214 descriptionem
1803 1148 2066 1216 exploserit
2101 1151 2146 1216 ⁹,
2196 1153 2340 1213 atque
2387 1144 2516 1195 hanc

219 1236 285 1287 illi
337 1237 670 1290 sufficiendam
719 1248 832 1292 esse
882 1240 1218 1292 contenderit:
1281 1238 1617 1307 „Scholastica
1662 1238 1908 1306 theologia
1958 1246 2032 1292 est
2077 1240 2347 1291 divinarum
2397 1236 2516 1314 scrif

217 1337 463 1398 pturarum
496 1332 683 1399 peritia,
719 1339 935 1400 recepto,
962 1331 1119 1402 'quem
1157 1331 1368 1383 ecclesia
1406 1330 1652 1399 approbat,
1687 1346 1850 1398 sensu,
1887 1346 1987 1383 non
2015 1333 2189 1399 spretis
2217 1327 2514 1381 orthodoxo—

218 1439 325 1474 rum
362 1423 620 1477 doctorum
654 1426 1128 1492 interpretationibus
1166 1431 1214 1476 et
1250 1426 1471 1477 censuris
1490 1464 1503 1491 ,
1540 1439 1598 1475 ac
1633 1423 1873 1474 interdum
1914 1423 2116 1474 aliarum
2158 1421 2514 1489 disciplinarum

219 1530 318 1566 non
355 1522 630 1583 contempto
670 1515 957 1585 suffragiO.“

398 1613 443 1658 4.
498 1608 551 1658 In
606 1624 699 1675 qua
752 1610 1075 1677 descriptione
1123 1611 1416 1678 principem,
1477 1622 1853 1677 supremumque
1912 1607 2075 1659 locum
2124 1590 2296 1659 divinis
2343 1605 2513 1658 litteris

221 1698 401 1750 deferri
449 1716 595 1751 nemo
643 1701 914 1770 mirabitur,
965 1704 1045 1771 qui
1085 1719 1254 1755 secum
1290 1708 1508 1769 reputet,
1558 1701 1826 1753 cuiusmodi
1874 1702 1968 1752 sint
2013 1701 2347 1768 quaestiones,
2394 1712 2513 1767 quas

222 1790 311 1841 sibi
347 1790 567 1859 theologi
604 1793 907 1862 enodandaS,
958 1795 1349 1862 dirimendasque
1399 1799 1693 1861 proponunt,
1750 1809 1892 1860 quam
1930 1795 2056 1845 viam
2095 1791 2318 1845 catholici
2351 1783 2514 1858 patres

221 1883 429 1950 inierint,
470 1900 595 1950 quae
631 1886 747 1953 ipsis
785 1888 958 1939 divinis
992 1887 1162 1940 litteris
1197 1888 1336 1939 dotes
1374 1887 1519 1938 insint
1556 1901 1614 1936 ac
1650 1892 1933 1936 ornamenta
1972 1885 2276 1937 conveniant.
2348 1883 2513 1949 Itaque

223 1990 283 2026 eo
320 1977 561 2042 pertinent
596 1976 940 2045 theologorum
978 1980 1148 2049 studia,
1185 1986 1237 2031 ut
1273 1979 1571 2047 argumentis
1613 1978 1673 2028 ad
1707 1979 2075 2044 persuasionem
2111 1976 2371 2028 creandam
2409 1975 2513 2026 ido-

221 2069 328 2119 neis
370 2069 450 2119 vel
486 2067 820 2136 δογματικῶς
868 2077 1099 2138 statuant,
1152 2087 1275 2138 quae
1310 2070 1371 2122 de
1393 2069 1637 2121 revelatis
1674 2070 1876 2122 coelitus
1913 2071 2102 2122 arcanis
2138 2068 2349 2121 tenenda
2386 2074 2510 2134 sunt,

223 2159 301 2210 vel
352 2161 647 2229 πολεμικαῖς
694 2162 975 2214 subvertant
1026 2170 1074 2215 et
1122 2152 1479 2232 ἀγωνιστικῶς
1527 2161 1758 2229 refutent,
1810 2178 1933 2229 quae
1979 2162 2039 2213 de
2079 2162 2254 2215 iisdem
2286 2160 2510 2212 homines

222 2253 349 2304 male
386 2256 518 2320 sani,
567 2256 861 2322 proprioque
910 2236 1086 2307 iudicio
1120 2257 1162 2281 ¹⁰
1203 2255 1535 2322 condemnati,
1573 2256 1624 2307 in
1659 2255 1762 2305 dies
1801 2255 2241 2307 comminiscuntur.
2317 2252 2416 2306 Sed
2452 2251 2511 2303 ab

219 2343 330 2410 hoc,
371 2361 517 2412 quem
552 2346 818 2413 praefixum
854 2347 1035 2399 habent
1071 2348 1256 2416 σκοπῷ
1291 2347 1721 2399 vehementissime
1760 2346 2057 2413 aberrarent,
2078 2346 2187 2398 'nisi
2219 2345 2279 2397 ad
2304 2345 2513 2396 divinam

220 2436 600 2505 revelationem,
647 2439 976 2507 coelestiaque
1015 2440 1211 2490 oracula
1247 2455 1302 2491 se
1339 2441 1554 2507 inprimis
1590 2441 1889 2506 reciperent,
1939 2453 2207 2505 eorumque
2244 2452 2299 2489 se
2340 2438 2510 2506 clypeo

220 2535 483 2580 tuerentur.
538 2529 655 2583 Sunt
691 2537 853 2582 autem
890 2531 1182 2600 Scripturae,
1222 2549 1347 2600 quae
1383 2531 1497 2583 κατ’
1533 2526 1726 2596 ἐξοχὴν
1761 2530 1956 2582 audiunt
1983 2533 2022 2556 ¹¹
2066 2530 2215 2597 λόγια
2245 2530 2338 2582 τοῦ
2359 2529 2509 2596 θεοῦ,

222 2627 271 2671 et
322 2621 493 2688 quibus
542 2638 783 2688 supernae
817 2626 859 2650 ¹²
905 2621 1270 2692 ἀποκαλύψεις
1317 2626 1404 2676 καὶ
1450 2623 1780 2697 φανερώσεις
1831 2624 2150 2674 continentur.
2223 2621 2351 2674 Nihil
2387 2635 2510 2688 ergo

222 2728 334 2765 esse
378 2715 617 2780 antiquius
662 2715 895 2783 theologo
945 2716 1116 2784 debet,
1167 2733 1310 2783 quam
1355 2724 1407 2769 ut
1452 2724 1579 2768 totus
1629 2733 1678 2767 e*
1705 2715 1961 2782 Scripturis
2009 2714 2249 2781 pendeat:
2306 2712 2422 2780 has,
2444 2750 2447 2751 ν
2469 2713 2510 2763 si

221 2807 369 2873 sapit,
419 2808 598 2874 iugiter
645 2809 892 2876 consulet,
928 2808 1065 2861 hisce
1102 2810 1318 2875 insistet,
1364 2816 1412 2860 et
1447 2824 1572 2876 quae
1610 2809 1894 2875 consignata
1931 2806 2117 2858 eisdem
2155 2804 2269 2857 sunt¹
2300 2819 2508 2871 superna

219 2898 414 2956 oracula
452 2899 658 2951 sollicito
696 2916 846 2968 opere
884 2902 1277 2969 perscrutabitur.

400 2998 444 3042 5.
506 2991 552 3042 A
588 3007 683 3058 quo
720 3009 783 3044 ne
821 3000 1008 3061 cesset,
1056 3001 1280 3046 auctores
1317 2994 1383 3045 illi
1424 2999 1589 3060 erunt,
1641 2991 2074 3057 adhortatoresque
2113 2989 2388 3056 gravissimi
2426 3005 2507 3040 ec-

221 3083 402 3134 clesiae
437 3090 617 3150 patreS,
659 3100 864 3151 quorum
900 3085 1009 3136 libri
1044 3087 1243 3138 totidem
1278 3093 1388 3138 sunt
1424 3091 1732 3153 argumenta,
1773 3083 1943 3150 quibus
1980 3081 2248 3132 necessitas
2283 3080 2507 3146 adeundi,

222 3175 603 3242 conferendique
640 3176 909 3244 Scripturas
955 3178 1249 3230 validissime
1296 3177 1630 3245 persuadetur.
1713 3174 1930 3241 Ecquem
1969 3174 2096 3224 enim
2135 3188 2222 3224 eos
2253 3174 2378 3224 inter
2412 3173 2508 3240 pri-

219 3284 365 3335 mum,
406 3283 550 3335 quem
586 3267 883 3335 postremum
920 3267 1203 3321 nominem?
1275 3271 1512 3321 Justinum
1548 3283 1610 3319 ne
1646 3272 1937 3334 martyrem,
1982 3266 2331 3331 doctoremque
2369 3265 2538 3315 nobi--

218 3357 488 3411 lissimumZ
546 3360 636 3411 sed
672 3367 875 3427 utraque
910 3361 1128 3412 eiusdem
1166 3361 1414 3428 apologia,
1454 3377 1511 3412 ac
1545 3339 1775 3427 proliXUS,
1815 3359 2123 3425 optimaeque
2162 3355 2316 3423 frugis
2352 3355 2506 3407 refer-

218 3457 294 3502 tus
329 3452 551 3519 dialogus
589 3468 698 3504 cum
720 3453 996 3522 Tryphone,
1034 3454 1227 3503 nonnisi
1258 3459 1497 3505 texturam
1533 3450 1812 3519 praeferunt
1847 3452 2209 3514 sententiarum,
2247 3463 2365 3515 quas
2403 3449 2506 3514 ipse

218 3559 246 3593 e
284 3543 541 3610 Scripturis
580 3551 688 3611 apte
727 3545 1016 3612 depromsit,
1062 3545 1348 3612 idoneisque
1392 3545 1749 3595 commentariis
1799 3544 2066 3594 exornavit.
2138 3540 2504 3607 Athenagoram

217 3632 318 3685 ne?
358 3635 446 3685 sed
482 3636 734 3703 apologia,
787 3651 931 3703 quam
972 3651 1060 3704 pro
1107 3637 1283 3687 tuenda
1320 3650 1375 3688 re
1413 3636 1671 3687 christiana
1707 3635 1769 3686 ad
1804 3635 2128 3702 Imperatores
2166 3632 2410 3697 exhibuit,
2458 3636 2506 3680 et

219 3724 612 3794 α’ποσπάσματα
650 3743 775 3794 quae
813 3728 970 3779 adhuc
1005 3734 1114 3780 sunt
1146 3729 1332 3795 reliqua
1370 3728 1494 3779 illius
1531 3727 1876 3794 disputationiS,
1897 3734 2027 3792 ,qua
2048 3723 2222 3793 δόγμα
2256 3725 2343 3786 τῆς
2378 3720 2503 3774 ἀνα-

319 3868 365 3929 9)
428 3869 476 3913 In
524 3868 640 3913 libro
686 3869 741 3915 de
785 3869 1066 3916 Accademiis
1113 3870 1322 3916 adversus
1405 3870 1481 3917 lv.
1520 3869 1596 3932 11,
1632 3875 1677 3916 et
1710 3868 1810 3915 Act.
1839 3868 1934 3915 Vll.
1971 3869 2049 3930 38,
2086 3868 2160 3914 ubi
2193 3858 2322 3928 λόγια
2356 3859 2504 3921 ζῶντα

219 3957 451 4003 Lutherum
487 3970 611 4017 capp.
648 3956 841 4003 11—111.
1403 3965 1714 4019 nuncupantur.

292 4046 362 4108 ¹⁰)
419 4046 500 4091 Tit.
535 4046 609 4091 III.
648 4045 723 4092 11.
1510 4047 1579 4110 ¹²)
1633 4047 1687 4092 Π.
1734 4046 1835 4093 Cor.
1878 4047 1954 4093 IV.
1999 4047 2058 4108 2,·
2101 4046 2224 4092 Rom.
2260 4043 2376 4091 XVI.
2422 4043 2499 4103 25,

292 4135 362 4198 ¹¹)
415 4135 540 4180 Rom.
575 4134 649 4180 ΠΙ.
684 4134 730 4198 2,
766 4135 899 4181 Hebr.
931 4135 986 4183 V.
1029 4134 1104 4197 12,
1140 4135 1174 4181 Ι.
1204 4136 1316 4182 Petr.
1402 4136 1495 4183 Gal.
1528 4136 1562 4182 l.
1602 4135 1661 4182 12
1696 4163 1759 4169 -
1793 4133 1850 4182 δι’
1886 4127 2226 4198 ἀποκαλύψεως
2253 4117 2412 4194 Ἰησοῦ.
