2574 4276
1009 106 1012 111 ’
1059 101 1298 156 CAPUT
1372 104 1437 152 n.
2359 102 2394 152 '7

971 417 1356 494 CAPUT
1445 415 1523 493 11.

641 589 823 643 Potior
877 596 1157 642 necessitas
1204 590 1542 656 eoependendi,
1592 587 1957 653 adhibendique
1984 585 2297 652 'Scripturas
2336 593 2391 639 in

462 682 557 735 hac
594 701 743 748 quam
779 700 1045 733 versamus
1081 682 1142 733 de
1172 686 1542 748 praerogatio-is
1578 677 1731 731 Petri
1765 684 2135 732 controversia.-
2172 712 2237 719 —-
2277 684 2387 731 eius

466 781 604 843 oriqo
628 780 870 838 aperitur,
904 779 952 823 et
970 777 1239 836 proposito,
1281 769 1657 836 explanatoque
1680 771 1968 822 discrimine
1991 777 2123 821 inter
2148 769 2388 838 δόγματα

462 884 591 932 quae
643 883 750 915 una
803 861 1120 924 Traditione³
1180 879 1406 927 quaeque
1446 858 1746 912 Traditione
1791 861 1949 913 simul
1996 881 2057 914 ac
2101 860 2387 927 Scripturis

461 955 861 1021 comprobantur,
898 951 1105 1004 uberius
1140 951 1465 1003 illustratur.-
1499 981 1569 990 --
1605 952 1884 1003 doctrinam
1923 953 1983 1002 de
2014 959 2388 1022 praeroqativis

462 1027 610 1097 Petri
654 1046 724 1096 ad
764 1043 978 1095 alteram
1015 1050 1267 1109 pertinere
1309 1039 1591 1110 δογμάτων
1628 1041 1850 1093 classem
1881 1045 2191 1096 ostenditur:
2229 1078 2294 1086 --
2336 1051 2386 1096 et

459 1142 745 1188 necessitas
783 1134 1072 1202 conferendi
1105 1132 1409 1202 Scripturas
1448 1136 1614 1187 denuo
1646 1132 1951 1186 inculcatur.

285 1351 330 1394 9.
386 1294 511 1394 Etsi
548 1357 673 1408 quae
710 1342 769 1393 de
806 1342 1099 1392 necessitate
1133 1341 1444 1408 conferendi,
1485 1340 1844 1410 adhihendique
1884 1340 2161 1408 Scripturas
2191 1348 2388 1394 antece—

110 1437 239 1487 denti
285 1436 438 1501 capite
484 1433 698 1484 breviter
744 1432 1080 1497 disseruimuS,
1129 1433 1223 1483 sint
1266 1433 1537 1500 generatim
1582 1432 1862 1498 verissima,
1910 1448 2072 1499 neque
2117 1433 2290 1484 adduci
2338 1436 2388 1485 in

88 1527 450 1597 'dubitationem
486 1525 545 1576 ab
582 1526 639 1576 iis
675 1525 876 1591 possint,
916 1525 995 1590 qui
1031 1524 1250 1590 theologi
1286 1540 1459 1575 munus
1491 1523 1645 1590 probe
1682 1524 1907 1574 noverint
1945 1527 1991 1590 ¹3
2038 1525 2188 1592 longe
2224 1531 2387 1576 tamen

107 1619 299 1670 veriora
335 1623 383 1668 et
422 1602 645 1668 sanctius*
669 1614 982 1665 custodienda
1019 1616 1173 1669 videri
1210 1615 1402 1678 debent,
1441 1616 1483 1666 si
1507 1615 1567 1666 ad
1591 1615 1732 1681 hanc,
1767 1631 1911 1682 quam
1943 1615 2004 1667 de
2032 1618 2385 1683 praerogativis

107 1710 232 1760 Petri
285 1709 521 1775 agitamus
570 1708 925 1773 quaestionem,
978 1707 1174 1773 propius
1220 1707 1506 1758 referantur.
1589 1705 1687 1759 Sed
1722 1722 1927 1773 quanam
1972 1707 2033 1758 de
2082 1722 2281 1775 caussa,
2339 1715 2387 1759 et

106 1801 278 1866 quibus
330 1799 628 1865 potissimum
689 1799 927 1848 rationum
981 1799 1236 1849 momentis
1295 1798 1420 1849 haec
1475 1798 1634 1864 potior
1684 1800 1952 1850 necessitas
2006 1797 2276 1850 stabilitur?
2333 1806 2387 1852 ut

66 1888 68 1890 ’
109 1891 428 1957 aequissimae
486 1890 853 1955 interrogationi
905 1889 1255 1955 respondeam,
1317 1889 1795 1940 animadvertendum
1849 1897 1994 1957 puto:
2053 1889 2291 1959 δόγματα
2335 1898 2384 1942 et

106 1983 392 2033 christianae
427 1980 736 2031 revelationis
774 1979 985 2046 decreta,
1022 1981 1064 2031 si
1099 1995 1208 2031 cum
1243 1980 1497 2046 praesidiis
1535 1988 1896 2048 comparentur,
1935 1997 2139 2048 quorum
2175 1984 2384 2034 auctori-

104 2080 201 2125 tate
252 2073 664 2137 demonstrantur,
717 2086 816 2122 non
861 2086 973 2122 esse
1024 2072 1324 2137 uniusmodi,
1379 2072 1468 2123 sed
1520 2073 1570 2123 in
1623 2072 1798 2138 duplici
1852 2071 2121 2125 differentia
2179 2075 2380 2125 versari.

106 2166 259 2225 Quum
296 2165 424 2215 enim
458 2163 687 2215 nonnulla
723 2179 786 2214 ex
823 2163 880 2213 iis
918 2164 1025 2229 sint,
1063 2178 1187 2230 quae
1223 2163 1327 2214 sola
1364 2162 1522 2214 divina
1561 2163 1860 2231 Traditione,
1901 2180 2057 2232 eaque
2090 2165 2380 2233 συστατικῇ,

107 2256 476 2322 comprobantur
511 2255 562 2321 ²3
613 2254 703 2304 alia
721 2294 734 2319 ,
781 2268 937 2319 eaque
979 2253 1125 2303 multo
1160 2253 1297 2320 plura
1329 2254 1646 2305 instrumento
1682 2270 1780 2306 non
1817 2257 1973 2307 minus
2010 2256 2379 2323 Scripturarum,

109 2362 248 2413 quam
295 2344 526 2412 suffragio
577 2344 889 2409 Traditionis,
936 2359 1061 2410 quae
1104 2350 1364 2410 propterea
1415 2340 1680 2413 ἐξηγητική
1729 2348 1816 2398 καὶ
1862 2346 2191 2415 ἐρμηνευτικτ)
2235 2347 2378 2413 audit,

106 2443 397 2489 asseruntur.
482 2436 737 2501 Exempla,
793 2435 963 2501 quibus
1011 2435 1072 2486 ad
1115 2436 1433 2487 obscuritates
1483 2436 1795 2502 depellendas
1843 2437 1960 2489 nihil
2002 2438 2377 2504 accomodatius,

107 2530 392 2579 sententiam
426 2527 589 2594 paucis
627 2526 1026 2593 comprehensam
1062 2527 1374 2578 illustrabunt.

285 2623 361 2669 10.
418 2618 582 2684 Itaque
618 2618 689 2669 fas
726 2618 841 2669 mihi
876 2619 936 2668 sit
966 2617 1255 2684 percontari,
1294 2618 1562 2671 cuiusmodi
1593 2619 1654 2670 ad
1681 2620 1922 2686 praesidia
1956 2620 2377 2673 demonstrationis

103 2710 253 2761 relata
298 2709 489 2760 censeri
536 2708 772 2775 δόγματα
821 2708 1060 2773 debeant,
1123 2709 1293 2775 quibus
1345 2710 1424 2760 vel
1474 2710 1786 2762 indubitatum
1836 2711 2077 2763 credimus
2122 2712 2378 2763 bibliorum

107 2815 339 2852 canonem
375 2816 403 2850 a
436 2799 703 2851 tridentinis
739 2800 950 2866 patribus
983 2800 1240 2866 sancitum,
1278 2801 1356 2851 vel
1390 2800 1647 2867 Deiparam
1682 2800 2058 2870 ἀειπαρθένον,
2099 2809 2147 2854 et
2180 2810 2283 2854 rata
2320 2820 2378 2854 ac

103 2891 258 2942 valida
306 2896 607 2942 sacramenta
650 2890 950 2957 profitemur,
996 2906 1121 2957 quae
1168 2906 1322 2957 penes
1358 2892 1630 2944 haereticas
1665 2893 1923 2961 factioneS,
1977 2901 2167 2946 servata
2204 2894 2378 2945 Christi

105 2983 409 3049 institutione,
436 2979 862 3033 administrantur?
900 2981 1045 3032 dubio
1068 2981 1238 3048 procul
1262 2982 1323 3033 ad
1344 2985 1557 3049 priorem
1578 3000 1642 3036 ex
1659 2985 1716 3036 iis
1735 2985 1969 3036 classibus
1996 2985 2367 3051 revocabuntur,

207 3135 248 3196 ¹)
300 3137 516 3195 Theologi
566 3138 681 3182 enim
734 3151 839 3196 prae
885 3137 1044 3182 ceteris
1084 3137 1195 3182 haec

106 3224 194 3269 sibi
217 3224 328 3271 dicta
353 3227 607 3271 existimare
636 3225 813 3286 debent,
850 3240 960 3285 quae
979 3228 1022 3271 in
1041 3231 1194 3286 quarta

107 3311 331 3358 Catechesi
367 3312 549 3371 Cyrillus
584 3299 1004 3372 hierosolymitanus
1037 3316 1193 3361 habet:

99 3396 187 3444 Δεῖ
221 3391 308 3461 γοέρ
353 3400 451 3463 περὶ
495 3397 585 3447 τῶν
625 3401 767 3447 θείων
811 3401 886 3447 καὶ
929 3382 1068 3465 ἁγίων
1114 3399 1196 3463 τῆς

102 3486 294 3540 πίστεως
341 3488 594 3551 μυστηρίων
647 3489 760 3551 μηδὲ
808 3483 861 3536 τὸ
905 3484 1040 3552 τυχόν
1089 3482 1195 3537 ἄνευ

102 3570 192 3620 τῶν
231 3572 373 3620 θείων
423 3577 771 3638 παραδίδοσθαι
815 3577 1027 3641 γραφῶν,
1082 3578 1196 3640 μηδὲ

104 3654 261 3715 ἁπλῶς
317 3656 593 3725 πιθανότησι
606 3702 617 3722 ,
685 3666 760 3713 καὶ
835 3660 981 3728 λόγων
1054 3682 1194 3713 κατα-

104 3755 280 3804 σκευαῖς
313 3749 680 3813 παραφέρεσθαι.
747 3757 872 3801 Plura
906 3756 1063 3801 eodem
1098 3770 1196 3815 per-

105 3840 282 3884 tinentia
329 3838 494 3883 dabunt
541 3840 740 3888 Petavius
791 3846 836 3889 in
880 3844 1053 3902 Proleg.
1097 3858 1192 3904 cap.

103 3925 138 3970 I.
192 3931 237 3972 et
292 3926 603 3972 'thomassinus
653 3929 878 3989 Dogmatt.
939 3932 1194 3994 Theologic.

109 4013 157 4058 T.
191 4014 264 4060 III.
301 4014 442 4063 Tract.
478 4016 510 4061 Ι.
546 4029 640 4077 cap.
677 4019 789 4066 VIII.

1378 3138 1423 3199 ²)
1479 3138 1584 3185 Cum
1626 3141 1710 3186 hac
1740 3143 1978 3200 partitione
2014 3142 2203 3188 conferri
2239 3142 2376 3188 altera

1278 3226 1429 3287 debet,
1477 3241 1560 3287 qua
1606 3220 1840 3291 δόγματα,
1882 3233 1920 3276 si
1965 3231 2020 3276 ad
2054 3232 2145 3276 vim
2181 3232 2372 3291 insitam,

1276 3315 1611 3376 facultatemque
1645 3320 1827 3364 rationis
1873 3319 2138 3378 referantur,
2184 3319 2377 3378 dispesci

1276 3404 1335 3449 ita
1382 3411 1578 3466 possunt,
1635 3412 1684 3451 ut
1735 3406 1819 3451 alia
1871 3408 1960 3452 sint
2007 3399 2167 3460 ἁπλῶς
2207 3399 2374 3474 νοητά,

1277 3492 1360 3537 alia
1413 3485 1573 3548 ἁπλῶς
1615 3486 1897 3558 ὕπερνοητά,
1950 3500 1992 3539 et
2036 3496 2119 3539 alia
2163 3498 2374 3554 impervia

1277 3582 1449 3639 quidem
1484 3585 1733 3643 priusquam
1768 3584 2034 3642 revelentur,
2075 3583 2156 3628 sed
2190 3585 2371 3629 omnino

1275 3671 1452 3730 pervia,
1500 3672 1539 3715 si
1578 3671 1713 3716 semel
1749 3671 2025 3716 manifestata
2059 3671 2231 3717 fuerint.
2302 3671 2374 3717 Ad

1275 3758 1386 3802 hanc
1418 3760 1615 3819 tertiam,
1661 3764 2014 3818 postremamque
2047 3760 2234 3804 classem
2269 3760 2374 3805 illud

1276 3851 1463 3907 spectat,
1499 3860 1588 3908 quo
1623 3846 1738 3892 Petri
1772 3848 1986 3908 primatus
2021 3850 2282 3895 continetur.
