<?xml version="1.0" encoding="UTF-8"?>
<!DOCTYPE html PUBLIC "-//W3C//DTD XHTML 1.0 Transitional//EN"
    "http://www.w3.org/TR/xhtml1/DTD/xhtml1-transitional.dtd">
<html xmlns="http://www.w3.org/1999/xhtml" xml:lang="en" lang="en">
 <head>
  <title>
</title>
<meta http-equiv="Content-Type" content="text/html;charset=utf-8" />
  <meta name='ocr-system' content='tesseract 3.04.00' />
  <meta name='ocr-capabilities' content='ocr_page ocr_carea ocr_par ocr_line ocrx_word'/>
</head>
<body>
  <div class='ocr_page' id='page_1' title='image "a603168400passuoft_0014.png"; bbox 0 0 2574 4276; ppageno 0'>
   <div class='ocr_carea' id='block_1_1' title="bbox 180 121 1605 175">
    <p class='ocr_par' dir='ltr' id='par_1_1' title="bbox 180 121 1605 175">
     <span class='ocr_line' id='line_1_1' title="bbox 180 121 1605 175; baseline -0.001 0"><span class='ocrx_word' id='word_1_1' title='bbox 180 127 214 175; x_wconf 80' lang='lat'><strong>6</strong></span> <span class='ocrx_word' id='word_1_2' title='bbox 1053 121 1555 175; x_wconf 79' lang='lat' dir='ltr'>PROLEGOMEN</span> <span class='ocrx_word' id='word_1_3' title='bbox 1559 123 1605 173; x_wconf 84' lang='lat' dir='ltr'><strong>A</strong></span> 
     </span>
    </p>
   </div>
   <div class='ocr_carea' id='block_1_2' title="bbox 181 258 2482 1436">
    <p class='ocr_par' dir='ltr' id='par_1_2' title="bbox 187 258 2482 789">
     <span class='ocr_line' id='line_1_2' title="bbox 190 258 2476 332; baseline 0.001 -17"><span class='ocrx_word' id='word_1_4' title='bbox 190 258 222 331; x_wconf 80' lang='grc' dir='ltr'><strong><em>ᾖ</em></strong></span> <span class='ocrx_word' id='word_1_5' title='bbox 281 262 375 316; x_wconf 86' lang='grc' dir='ltr'>τοῦ</span> <span class='ocrx_word' id='word_1_6' title='bbox 438 262 576 315; x_wconf 75' lang='grc' dir='ltr'><em>θεοῦ</em></span> <span class='ocrx_word' id='word_1_7' title='bbox 638 261 937 329; x_wconf 76' lang='grc' dir='ltr'><em>ἄνθρωπος</em></span> <span class='ocrx_word' id='word_1_8' title='bbox 959 299 975 323; x_wconf 89' lang='grc'><em>,</em></span> <span class='ocrx_word' id='word_1_9' title='bbox 1052 259 1184 326; x_wconf 81' lang='grc' dir='ltr'><em>πρὸς</em></span> <span class='ocrx_word' id='word_1_10' title='bbox 1240 263 1349 313; x_wconf 82' lang='grc' dir='ltr'><em>πᾶν</em></span> <span class='ocrx_word' id='word_1_11' title='bbox 1409 263 1565 328; x_wconf 77' lang='grc' dir='ltr'><em>ἔργον</em></span> <span class='ocrx_word' id='word_1_12' title='bbox 1622 261 1838 330; x_wconf 74' lang='grc' dir='ltr'><em>ἀγαθὸν</em></span> <span class='ocrx_word' id='word_1_13' title='bbox 1889 263 2250 332; x_wconf 73' lang='grc' dir='ltr'><em>ἐξηρτισμένος</em></span> <span class='ocrx_word' id='word_1_14' title='bbox 2270 301 2284 325; x_wconf 91' lang='grc'><em>,</em></span> <span class='ocrx_word' id='word_1_15' title='bbox 2348 265 2476 317; x_wconf 88' lang='lat' dir='ltr'>utilis</span> 
     </span>
     <span class='ocr_line' id='line_1_3' title="bbox 190 347 2477 422; baseline 0 -15"><span class='ocrx_word' id='word_1_16' title='bbox 190 357 334 408; x_wconf 88' lang='lat' dir='ltr'>etiam</span> <span class='ocrx_word' id='word_1_17' title='bbox 374 358 417 383; x_wconf 79' lang='lat'>¹⁸</span> <span class='ocrx_word' id='word_1_18' title='bbox 459 361 534 407; x_wconf 91' lang='lat' dir='ltr'>est</span> <span class='ocrx_word' id='word_1_19' title='bbox 570 355 630 406; x_wconf 91' lang='lat' dir='ltr'>ad</span> <span class='ocrx_word' id='word_1_20' title='bbox 670 355 955 418; x_wconf 81' lang='lat' dir='ltr'>doctrinam,</span> <span class='ocrx_word' id='word_1_21' title='bbox 994 353 1054 404; x_wconf 93' lang='lat' dir='ltr'>ad</span> <span class='ocrx_word' id='word_1_22' title='bbox 1089 347 1425 419; x_wconf 77' lang='lat' dir='ltr'>probationem</span> <span class='ocrx_word' id='word_1_23' title='bbox 1463 357 1762 421; x_wconf 70' lang='lat' dir='ltr'>argumentis</span> <span class='ocrx_word' id='word_1_24' title='bbox 1799 357 1995 407; x_wconf 88' lang='lat' dir='ltr'>minime</span> <span class='ocrx_word' id='word_1_25' title='bbox 2032 358 2185 409; x_wconf 91' lang='lat' dir='ltr'>dubiis</span> <span class='ocrx_word' id='word_1_26' title='bbox 2223 355 2477 422; x_wconf 82' lang='lat' dir='ltr'>suffultam,</span> 
     </span>
     <span class='ocr_line' id='line_1_4' title="bbox 192 438 2482 515; baseline -0 -17"><span class='ocrx_word' id='word_1_27' title='bbox 192 447 255 498; x_wconf 91' lang='lat' dir='ltr'>ad</span> <span class='ocrx_word' id='word_1_28' title='bbox 302 447 722 513; x_wconf 84' lang='lat' dir='ltr'>emendationem,</span> <span class='ocrx_word' id='word_1_29' title='bbox 772 446 1215 510; x_wconf 89' lang='lat' dir='ltr'>institutionemque</span> <span class='ocrx_word' id='word_1_30' title='bbox 1247 445 1482 511; x_wconf 88' lang='lat' dir='ltr'>iustitiae,</span> <span class='ocrx_word' id='word_1_31' title='bbox 1530 448 1840 512; x_wconf 87' lang='lat' dir='ltr'>omniumque</span> <span class='ocrx_word' id='word_1_32' title='bbox 1884 448 2108 499; x_wconf 88' lang='lat' dir='ltr'>virtutum</span> <span class='ocrx_word' id='word_1_33' title='bbox 2142 451 2214 515; x_wconf 78' lang='lat'>¹⁹,</span> <span class='ocrx_word' id='word_1_34' title='bbox 2273 463 2382 499; x_wconf 87' lang='lat' dir='ltr'>eum</span> <span class='ocrx_word' id='word_1_35' title='bbox 2431 438 2482 498; x_wconf 84' lang='lat' dir='ltr'>in</span> 
     </span>
     <span class='ocr_line' id='line_1_5' title="bbox 187 535 2475 607; baseline 0.001 -18"><span class='ocrx_word' id='word_1_36' title='bbox 187 538 334 591; x_wconf 85' lang='lat' dir='ltr'>finem</span> <span class='ocrx_word' id='word_1_37' title='bbox 365 542 441 602; x_wconf 85' lang='lat'>²⁰,</span> <span class='ocrx_word' id='word_1_38' title='bbox 494 545 545 589; x_wconf 90' lang='lat' dir='ltr'>ut</span> <span class='ocrx_word' id='word_1_39' title='bbox 580 538 733 590; x_wconf 78' lang='lat' dir='ltr'>homo‘</span> <span class='ocrx_word' id='word_1_40' title='bbox 763 536 882 602; x_wconf 92' lang='lat' dir='ltr'>Dei,</span> <span class='ocrx_word' id='word_1_41' title='bbox 933 535 1066 586; x_wconf 91' lang='lat' dir='ltr'>cuius</span> <span class='ocrx_word' id='word_1_42' title='bbox 1115 536 1352 602; x_wconf 84' lang='lat' dir='ltr'>egregiae</span> <span class='ocrx_word' id='word_1_43' title='bbox 1389 536 1438 586; x_wconf 90' lang='lat' dir='ltr'>in</span> <span class='ocrx_word' id='word_1_44' title='bbox 1475 536 1732 604; x_wconf 86' lang='lat' dir='ltr'>Scripturis</span> <span class='ocrx_word' id='word_1_45' title='bbox 1771 545 2031 589; x_wconf 90' lang='lat' dir='ltr'>occurrunt</span> <span class='ocrx_word' id='word_1_46' title='bbox 2071 540 2379 607; x_wconf 83' lang='lat' dir='ltr'>periphrases</span> <span class='ocrx_word' id='word_1_47' title='bbox 2410 541 2475 604; x_wconf 76' lang='lat'>²¹,</span> 
     </span>
     <span class='ocr_line' id='line_1_6' title="bbox 192 627 2481 698; baseline 0 -17"><span class='ocrx_word' id='word_1_48' title='bbox 192 631 254 682; x_wconf 90' lang='lat' dir='ltr'>sit</span> <span class='ocrx_word' id='word_1_49' title='bbox 291 630 351 681; x_wconf 89' lang='lat' dir='ltr'>ab</span> <span class='ocrx_word' id='word_1_50' title='bbox 388 630 700 683; x_wconf 87' lang='lat' dir='ltr'>iisomnihus</span> <span class='ocrx_word' id='word_1_51' title='bbox 724 627 1004 695; x_wconf 89' lang='lat' dir='ltr'>plenissime</span> <span class='ocrx_word' id='word_1_52' title='bbox 1030 628 1306 692; x_wconf 69' lang='lat' dir='ltr'>instructuS,</span> <span class='ocrx_word' id='word_1_53' title='bbox 1342 627 1514 694; x_wconf 90' lang='lat' dir='ltr'>quibus</span> <span class='ocrx_word' id='word_1_54' title='bbox 1538 629 1727 681; x_wconf 88' lang='lat' dir='ltr'>theoria</span> <span class='ocrx_word' id='word_1_55' title='bbox 1751 645 1900 680; x_wconf 85' lang='lat' dir='ltr'>verae</span> <span class='ocrx_word' id='word_1_56' title='bbox 1924 631 2176 698; x_wconf 84' lang='lat' dir='ltr'>religionis</span> <span class='ocrx_word' id='word_1_57' title='bbox 2195 633 2481 698; x_wconf 85' lang='lat' dir='ltr'>continetur,</span> 
     </span>
     <span class='ocr_line' id='line_1_7' title="bbox 193 719 1982 789; baseline -0.001 -16"><span class='ocrx_word' id='word_1_58' title='bbox 193 736 418 789; x_wconf 90' lang='lat' dir='ltr'>quaeque</span> <span class='ocrx_word' id='word_1_59' title='bbox 467 737 656 786; x_wconf 89' lang='lat' dir='ltr'>curam,</span> <span class='ocrx_word' id='word_1_60' title='bbox 709 719 1015 785; x_wconf 90' lang='lat' dir='ltr'>studiumque</span> <span class='ocrx_word' id='word_1_61' title='bbox 1061 719 1269 770; x_wconf 87' lang='lat' dir='ltr'>iustitiae</span> <span class='ocrx_word' id='word_1_62' title='bbox 1313 721 1544 772; x_wconf 90' lang='lat' dir='ltr'>inducunt</span> <span class='ocrx_word' id='word_1_63' title='bbox 1587 737 1644 772; x_wconf 92' lang='lat' dir='ltr'>ac</span> <span class='ocrx_word' id='word_1_64' title='bbox 1679 729 1982 788; x_wconf 87' lang='lat' dir='ltr'>promovent.</span> 
     </span>
    </p>

    <p class='ocr_par' dir='ltr' id='par_1_3' title="bbox 181 810 2482 1436">
     <span class='ocr_line' id='line_1_8' title="bbox 363 810 2476 882; baseline 0.001 -18"><span class='ocrx_word' id='word_1_65' title='bbox 363 819 410 864; x_wconf 87' lang='grc'>8.</span> <span class='ocrx_word' id='word_1_66' title='bbox 467 813 695 863; x_wconf 91' lang='lat' dir='ltr'>Jamvero</span> <span class='ocrx_word' id='word_1_67' title='bbox 731 826 892 877; x_wconf 91' lang='lat' dir='ltr'>neque</span> <span class='ocrx_word' id='word_1_68' title='bbox 928 810 1021 861; x_wconf 90' lang='lat' dir='ltr'>hac</span> <span class='ocrx_word' id='word_1_69' title='bbox 1057 810 1230 861; x_wconf 89' lang='lat' dir='ltr'>florum</span> <span class='ocrx_word' id='word_1_70' title='bbox 1267 812 1621 878; x_wconf 85' lang='lat' dir='ltr'>pulchritudine</span> <span class='ocrx_word' id='word_1_71' title='bbox 1648 815 1903 881; x_wconf 88' lang='lat' dir='ltr'>nitescent,</span> <span class='ocrx_word' id='word_1_72' title='bbox 1942 830 2105 882; x_wconf 89' lang='lat' dir='ltr'>neque</span> <span class='ocrx_word' id='word_1_73' title='bbox 2129 815 2222 866; x_wconf 89' lang='lat' dir='ltr'>hac</span> <span class='ocrx_word' id='word_1_74' title='bbox 2239 814 2476 866; x_wconf 85' lang='lat' dir='ltr'>fructuum</span> 
     </span>
     <span class='ocr_line' id='line_1_9' title="bbox 185 903 2477 974; baseline -0.001 -16"><span class='ocrx_word' id='word_1_75' title='bbox 185 906 419 959; x_wconf 90' lang='lat' dir='ltr'>suavitate</span> <span class='ocrx_word' id='word_1_76' title='bbox 469 903 814 970; x_wconf 86' lang='lat' dir='ltr'>theologorum</span> <span class='ocrx_word' id='word_1_77' title='bbox 851 903 1161 954; x_wconf 85' lang='lat' dir='ltr'>tractationes</span> <span class='ocrx_word' id='word_1_78' title='bbox 1206 905 1393 956; x_wconf 91' lang='lat' dir='ltr'>animos</span> <span class='ocrx_word' id='word_1_79' title='bbox 1432 905 1692 971; x_wconf 90' lang='lat' dir='ltr'>delinient,</span> <span class='ocrx_word' id='word_1_80' title='bbox 1730 907 1823 957; x_wconf 89' lang='lat' dir='ltr'>nisi</span> <span class='ocrx_word' id='word_1_81' title='bbox 1861 906 2029 957; x_wconf 90' lang='lat' dir='ltr'>diurna</span> <span class='ocrx_word' id='word_1_82' title='bbox 2067 907 2235 974; x_wconf 91' lang='lat' dir='ltr'>iidem,</span> <span class='ocrx_word' id='word_1_83' title='bbox 2281 912 2477 957; x_wconf 90' lang='lat' dir='ltr'>noctur·</span> 
     </span>
     <span class='ocr_line' id='line_1_10' title="bbox 183 983 2476 1066; baseline 0 -17"><span class='ocrx_word' id='word_1_84' title='bbox 183 1013 343 1064; x_wconf 88' lang='lat' dir='ltr'>naque</span> <span class='ocrx_word' id='word_1_85' title='bbox 388 1011 533 1046; x_wconf 90' lang='lat' dir='ltr'>manu</span> <span class='ocrx_word' id='word_1_86' title='bbox 581 994 851 1062; x_wconf 88' lang='lat' dir='ltr'>Scripturas</span> <span class='ocrx_word' id='word_1_87' title='bbox 896 997 1223 1062; x_wconf 88' lang='lat' dir='ltr'>versaverint,</span> <span class='ocrx_word' id='word_1_88' title='bbox 1269 1012 1326 1047; x_wconf 92' lang='lat' dir='ltr'>ac</span> <span class='ocrx_word' id='word_1_89' title='bbox 1371 1012 1436 1047; x_wconf 86' lang='lat' dir='ltr'>ex</span> <span class='ocrx_word' id='word_1_90' title='bbox 1470 997 1555 1063; x_wconf 89' lang='lat' dir='ltr'>iis,</span> <span class='ocrx_word' id='word_1_91' title='bbox 1606 1004 1834 1066; x_wconf 85' lang='lat' dir='ltr'>tanquam</span> <span class='ocrx_word' id='word_1_92' title='bbox 1871 1016 1900 1050; x_wconf 91' lang='lat' dir='ltr'>e</span> <span class='ocrx_word' id='word_1_93' title='bbox 1937 983 2083 1050; x_wconf 63' lang='lat' dir='ltr'>divite</span> <span class='ocrx_word' id='word_1_94' title='bbox 2120 1015 2272 1065; x_wconf 88' lang='lat' dir='ltr'>vena,</span> <span class='ocrx_word' id='word_1_95' title='bbox 2320 998 2476 1065; x_wconf 89' lang='lat' dir='ltr'>plenis</span> 
     </span>
     <span class='ocr_line' id='line_1_11' title="bbox 183 1087 2478 1158; baseline 0 -18"><span class='ocrx_word' id='word_1_96' title='bbox 183 1088 432 1141; x_wconf 88' lang='lat' dir='ltr'>haustibus</span> <span class='ocrx_word' id='word_1_97' title='bbox 478 1087 863 1154; x_wconf 87' lang='lat' dir='ltr'>desumpserint,</span> <span class='ocrx_word' id='word_1_98' title='bbox 914 1102 1039 1154; x_wconf 92' lang='lat' dir='ltr'>quae</span> <span class='ocrx_word' id='word_1_99' title='bbox 1093 1090 1339 1139; x_wconf 89' lang='lat' dir='ltr'>communi</span> <span class='ocrx_word' id='word_1_100' title='bbox 1384 1088 1560 1140; x_wconf 91' lang='lat' dir='ltr'>deinde</span> <span class='ocrx_word' id='word_1_101' title='bbox 1594 1091 1795 1142; x_wconf 87' lang='lat' dir='ltr'>utilitate</span> <span class='ocrx_word' id='word_1_102' title='bbox 1833 1091 2127 1158; x_wconf 87' lang='lat' dir='ltr'>dispensent.</span> <span class='ocrx_word' id='word_1_103' title='bbox 2204 1091 2478 1157; x_wconf 90' lang='lat' dir='ltr'>Scripturae</span> 
     </span>
     <span class='ocr_line' id='line_1_12' title="bbox 184 1178 2482 1251; baseline 0 -18"><span class='ocrx_word' id='word_1_104' title='bbox 184 1195 306 1249; x_wconf 89' lang='lat' dir='ltr'>ergo</span> <span class='ocrx_word' id='word_1_105' title='bbox 344 1186 477 1246; x_wconf 89' lang='lat' dir='ltr'>sunt,</span> <span class='ocrx_word' id='word_1_106' title='bbox 529 1196 558 1231; x_wconf 90' lang='lat' dir='ltr'>e</span> <span class='ocrx_word' id='word_1_107' title='bbox 596 1179 768 1246; x_wconf 88' lang='lat' dir='ltr'>quibus</span> <span class='ocrx_word' id='word_1_108' title='bbox 803 1178 1024 1246; x_wconf 89' lang='lat' dir='ltr'>theologi</span> <span class='ocrx_word' id='word_1_109' title='bbox 1073 1186 1296 1248; x_wconf 89' lang='lat' dir='ltr'>repetant</span> <span class='ocrx_word' id='word_1_110' title='bbox 1340 1195 1550 1232; x_wconf 88' lang='lat' dir='ltr'>necesse</span> <span class='ocrx_word' id='word_1_111' title='bbox 1601 1187 1676 1233; x_wconf 89' lang='lat' dir='ltr'>est</span> <span class='ocrx_word' id='word_1_112' title='bbox 1705 1184 1751 1208; x_wconf 76' lang='lat'>²²</span> <span class='ocrx_word' id='word_1_113' title='bbox 1791 1183 1950 1251; x_wconf 79' lang='grc' dir='ltr'><em>λόγον</em></span> <span class='ocrx_word' id='word_1_114' title='bbox 1984 1181 2124 1250; x_wconf 77' lang='grc' dir='ltr'><em>ὑγιῆ,</em></span> <span class='ocrx_word' id='word_1_115' title='bbox 2178 1179 2482 1248; x_wconf 78' lang='grc' dir='ltr'><em>ἀκατάγνω-</em></span> 
     </span>
     <span class='ocr_line' id='line_1_13' title="bbox 184 1272 2478 1341; baseline -0.001 -15"><span class='ocrx_word' id='word_1_116' title='bbox 184 1289 307 1326; x_wconf 86' lang='grc' dir='ltr'><em>στον</em></span> <span class='ocrx_word' id='word_1_117' title='bbox 346 1272 549 1324; x_wconf 89' lang='lat' dir='ltr'>verbum</span> <span class='ocrx_word' id='word_1_118' title='bbox 586 1287 773 1339; x_wconf 90' lang='lat' dir='ltr'>sanum,</span> <span class='ocrx_word' id='word_1_119' title='bbox 813 1272 1266 1340; x_wconf 88' lang='lat' dir='ltr'>irreprehensibile,</span> <span class='ocrx_word' id='word_1_120' title='bbox 1306 1279 1355 1324; x_wconf 90' lang='lat' dir='ltr'>et</span> <span class='ocrx_word' id='word_1_121' title='bbox 1392 1289 1420 1324; x_wconf 92' lang='lat' dir='ltr'>e</span> <span class='ocrx_word' id='word_1_122' title='bbox 1448 1273 1620 1340; x_wconf 89' lang='lat' dir='ltr'>quibus</span> <span class='ocrx_word' id='word_1_123' title='bbox 1647 1275 1759 1340; x_wconf 90' lang='lat' dir='ltr'>vim,</span> <span class='ocrx_word' id='word_1_124' title='bbox 1798 1274 2170 1341; x_wconf 85' lang='lat' dir='ltr'>facultatemque</span> <span class='ocrx_word' id='word_1_125' title='bbox 2187 1279 2478 1339; x_wconf 87' lang='lat' dir='ltr'>mutuentur,</span> 
     </span>
     <span class='ocr_line' id='line_1_14' title="bbox 181 1362 2480 1436; baseline -0.001 -18"><span class='ocrx_word' id='word_1_126' title='bbox 181 1382 275 1435; x_wconf 90' lang='lat' dir='ltr'>qua</span> <span class='ocrx_word' id='word_1_127' title='bbox 318 1365 513 1418; x_wconf 88' lang='lat' dir='ltr'>valeant</span> <span class='ocrx_word' id='word_1_128' title='bbox 540 1365 585 1392; x_wconf 78' lang='lat'>²³</span> <span class='ocrx_word' id='word_1_129' title='bbox 636 1365 964 1432; x_wconf 76' lang='grc' dir='ltr'><em>παρακαλεῖν</em></span> <span class='ocrx_word' id='word_1_130' title='bbox 1012 1367 1069 1415; x_wconf 78' lang='grc' dir='ltr'><em>ἐν</em></span> <span class='ocrx_word' id='word_1_131' title='bbox 1110 1367 1172 1434; x_wconf 81' lang='grc' dir='ltr'>τῇ</span> <span class='ocrx_word' id='word_1_132' title='bbox 1217 1363 1531 1434; x_wconf 79' lang='grc' dir='ltr'><em>διδασκαλίᾳ</em></span> <span class='ocrx_word' id='word_1_133' title='bbox 1572 1368 1632 1435; x_wconf 84' lang='grc' dir='ltr'>τῇ</span> <span class='ocrx_word' id='word_1_134' title='bbox 1666 1364 1970 1436; x_wconf 80' lang='grc' dir='ltr'><em>ὑγιαινούσῃ</em></span> <span class='ocrx_word' id='word_1_135' title='bbox 2012 1367 2099 1418; x_wconf 83' lang='grc' dir='ltr'><em>καὶ</em></span> <span class='ocrx_word' id='word_1_136' title='bbox 2134 1365 2257 1426; x_wconf 79' lang='grc' dir='ltr'>τούς</span> <span class='ocrx_word' id='word_1_137' title='bbox 2289 1362 2480 1416; x_wconf 75' lang='grc' dir='ltr'><em>ἀντιλέ-</em></span> 
     </span>
    </p>
   </div>
   <div class='ocr_carea' id='block_1_3' title="bbox 183 1456 2478 1526">
    <p class='ocr_par' dir='ltr' id='par_1_4' title="bbox 183 1456 2478 1526">
     <span class='ocr_line' id='line_1_15' title="bbox 183 1456 2478 1526; baseline -0.001 -16"><span class='ocrx_word' id='word_1_138' title='bbox 183 1474 376 1526; x_wconf 88' lang='grc' dir='ltr'><em>γοντας</em></span> <span class='ocrx_word' id='word_1_139' title='bbox 425 1456 660 1525; x_wconf 76' lang='grc' dir='ltr'><em>ἐλέγχειν</em></span> <span class='ocrx_word' id='word_1_140' title='bbox 704 1457 950 1510; x_wconf 89' lang='lat' dir='ltr'>adhortari</span> <span class='ocrx_word' id='word_1_141' title='bbox 996 1458 1046 1508; x_wconf 93' lang='lat' dir='ltr'>in</span> <span class='ocrx_word' id='word_1_142' title='bbox 1094 1457 1312 1509; x_wconf 90' lang='lat' dir='ltr'>doctrina</span> <span class='ocrx_word' id='word_1_143' title='bbox 1350 1473 1493 1526; x_wconf 90' lang='lat' dir='ltr'>sana,</span> <span class='ocrx_word' id='word_1_144' title='bbox 1542 1474 1600 1510; x_wconf 90' lang='lat' dir='ltr'>ac</span> <span class='ocrx_word' id='word_1_145' title='bbox 1637 1473 1724 1510; x_wconf 90' lang='lat' dir='ltr'>eos</span> <span class='ocrx_word' id='word_1_146' title='bbox 1762 1460 1843 1525; x_wconf 89' lang='lat' dir='ltr'>qui</span> <span class='ocrx_word' id='word_1_147' title='bbox 1880 1459 2180 1525; x_wconf 91' lang='lat' dir='ltr'>obnituntur,</span> <span class='ocrx_word' id='word_1_148' title='bbox 2226 1456 2478 1525; x_wconf 89' lang='lat' dir='ltr'>arguendo</span> 
     </span>
    </p>
   </div>
   <div class='ocr_carea' id='block_1_4' title="bbox 183 1552 494 1603">
    <p class='ocr_par' dir='ltr' id='par_1_5' title="bbox 183 1552 494 1603">
     <span class='ocr_line' id='line_1_16' title="bbox 183 1552 494 1603; baseline -0.006 0"><span class='ocrx_word' id='word_1_149' title='bbox 183 1552 494 1603; x_wconf 86' lang='lat' dir='ltr'>convincere.</span> 
     </span>
    </p>
   </div>
   <div class='ocr_carea' id='block_1_5' title="bbox 179 1709 1290 2223">
    <p class='ocr_par' dir='ltr' id='par_1_6' title="bbox 179 1709 1290 2223">
     <span class='ocr_line' id='line_1_17' title="bbox 291 1709 1290 1776; baseline -0.003 -18"><span class='ocrx_word' id='word_1_150' title='bbox 291 1710 362 1776; x_wconf 80' lang='lat'>¹⁸)</span> <span class='ocrx_word' id='word_1_151' title='bbox 405 1712 528 1758; x_wconf 90' lang='lat' dir='ltr'>Licet</span> <span class='ocrx_word' id='word_1_152' title='bbox 558 1710 771 1771; x_wconf 89' lang='lat' dir='ltr'>particula</span> <span class='ocrx_word' id='word_1_153' title='bbox 806 1709 883 1756; x_wconf 85' lang='grc' dir='ltr'><em>καὶ</em></span> <span class='ocrx_word' id='word_1_154' title='bbox 917 1711 1032 1757; x_wconf 90' lang='lat' dir='ltr'>desit</span> <span class='ocrx_word' id='word_1_155' title='bbox 1067 1711 1182 1771; x_wconf 92' lang='lat' dir='ltr'>apud</span> <span class='ocrx_word' id='word_1_156' title='bbox 1211 1711 1290 1756; x_wconf 90' lang='lat' dir='ltr'>ali-</span> 
     </span>
     <span class='ocr_line' id='line_1_18' title="bbox 184 1803 1289 1865; baseline -0.005 -15"><span class='ocrx_word' id='word_1_157' title='bbox 184 1818 294 1865; x_wconf 88' lang='lat' dir='ltr'>quos</span> <span class='ocrx_word' id='word_1_158' title='bbox 349 1809 524 1849; x_wconf 88' lang='lat' dir='ltr'>veteres</span> <span class='ocrx_word' id='word_1_159' title='bbox 575 1803 868 1863; x_wconf 90' lang='lat' dir='ltr'>interpretes,</span> <span class='ocrx_word' id='word_1_160' title='bbox 922 1806 1156 1861; x_wconf 88' lang='lat' dir='ltr'>patresque</span> <span class='ocrx_word' id='word_1_161' title='bbox 1200 1813 1289 1845; x_wconf 92' lang='lat' dir='ltr'>non</span> 
     </span>
     <span class='ocr_line' id='line_1_19' title="bbox 188 1890 1289 1952; baseline -0.005 -12"><span class='ocrx_word' id='word_1_162' title='bbox 188 1896 367 1940; x_wconf 90' lang='lat' dir='ltr'>omnino</span> <span class='ocrx_word' id='word_1_163' title='bbox 422 1903 617 1952; x_wconf 86' lang='lat' dir='ltr'>paucos:</span> <span class='ocrx_word' id='word_1_164' title='bbox 673 1897 717 1936; x_wconf 88' lang='lat' dir='ltr'>et</span> <span class='ocrx_word' id='word_1_165' title='bbox 768 1891 874 1936; x_wconf 85' lang='lat' dir='ltr'>licet</span> <span class='ocrx_word' id='word_1_166' title='bbox 922 1891 1116 1950; x_wconf 86' lang='lat' dir='ltr'>expungi</span> <span class='ocrx_word' id='word_1_167' title='bbox 1168 1890 1289 1935; x_wconf 91' lang='lat' dir='ltr'>illam</span> 
     </span>
     <span class='ocr_line' id='line_1_20' title="bbox 183 1981 1290 2044; baseline -0.005 -14"><span class='ocrx_word' id='word_1_168' title='bbox 183 1989 391 2044; x_wconf 87' lang='lat' dir='ltr'>oportere</span> <span class='ocrx_word' id='word_1_169' title='bbox 444 1981 600 2027; x_wconf 89' lang='lat' dir='ltr'>Millius</span> <span class='ocrx_word' id='word_1_170' title='bbox 649 1981 895 2043; x_wconf 80' lang='lat' dir='ltr'>putaverit3</span> <span class='ocrx_word' id='word_1_171' title='bbox 954 1982 1091 2026; x_wconf 89' lang='lat' dir='ltr'>critici</span> <span class='ocrx_word' id='word_1_172' title='bbox 1142 1986 1290 2025; x_wconf 91' lang='lat' dir='ltr'>tamen</span> 
     </span>
     <span class='ocr_line' id='line_1_21' title="bbox 179 2069 1290 2134; baseline -0.005 -15"><span class='ocrx_word' id='word_1_173' title='bbox 179 2074 377 2134; x_wconf 87' lang='lat' dir='ltr'>plerique</span> <span class='ocrx_word' id='word_1_174' title='bbox 421 2085 575 2117; x_wconf 91' lang='lat' dir='ltr'>omnes</span> <span class='ocrx_word' id='word_1_175' title='bbox 620 2071 682 2116; x_wconf 92' lang='lat' dir='ltr'>illi</span> <span class='ocrx_word' id='word_1_176' title='bbox 718 2070 1038 2130; x_wconf 83' lang='lat' dir='ltr'>suffragantur,</span> <span class='ocrx_word' id='word_1_177' title='bbox 1084 2069 1290 2128; x_wconf 89' lang='lat' dir='ltr'>illamque</span> 
     </span>
     <span class='ocr_line' id='line_1_22' title="bbox 180 2158 1290 2223; baseline -0.005 -15"><span class='ocrx_word' id='word_1_178' title='bbox 180 2163 243 2208; x_wconf 86' lang='lat' dir='ltr'>uti</span> <span class='ocrx_word' id='word_1_179' title='bbox 277 2163 520 2223; x_wconf 84' lang='lat' dir='ltr'>sinceram,</span> <span class='ocrx_word' id='word_1_180' title='bbox 555 2174 896 2220; x_wconf 87' lang='lat' dir='ltr'>germanamque</span> <span class='ocrx_word' id='word_1_181' title='bbox 930 2165 1117 2204; x_wconf 90' lang='lat' dir='ltr'>tuentur.</span> <span class='ocrx_word' id='word_1_182' title='bbox 1184 2158 1290 2204; x_wconf 85' lang='lat' dir='ltr'>Vim</span> 
     </span>
    </p>
   </div>
   <div class='ocr_carea' id='block_1_6' title="bbox 183 2247 1365 2310">
    <p class='ocr_par' dir='ltr' id='par_1_7' title="bbox 183 2247 1365 2310">
     <span class='ocr_line' id='line_1_23' title="bbox 183 2247 1365 2310; baseline -0.006 -12"><span class='ocrx_word' id='word_1_183' title='bbox 183 2258 328 2298; x_wconf 88' lang='lat' dir='ltr'>autem</span> <span class='ocrx_word' id='word_1_184' title='bbox 412 2251 552 2297; x_wconf 80' lang='lat' dir='ltr'>induit</span> <span class='ocrx_word' id='word_1_185' title='bbox 627 2255 978 2310; x_wconf 88' lang='lat' dir='ltr'>potestatemque</span> <span class='ocrx_word' id='word_1_186' title='bbox 1055 2247 1287 2294; x_wconf 86' lang='lat' dir='ltr'>inferendi.</span> <span class='ocrx_word' id='word_1_187' title='bbox 1362 2264 1365 2267; x_wconf 37' lang='lat'>³</span> 
     </span>
    </p>
   </div>
   <div class='ocr_carea' id='block_1_7' title="bbox 177 2338 1288 3298">
    <p class='ocr_par' dir='ltr' id='par_1_8' title="bbox 177 2338 1288 3298">
     <span class='ocr_line' id='line_1_24' title="bbox 183 2338 1286 2401; baseline -0.005 -14"><span class='ocrx_word' id='word_1_188' title='bbox 183 2342 455 2401; x_wconf 87' lang='lat' dir='ltr'>Quamquam</span> <span class='ocrx_word' id='word_1_189' title='bbox 525 2342 639 2386; x_wconf 90' lang='lat' dir='ltr'>enim</span> <span class='ocrx_word' id='word_1_190' title='bbox 702 2346 929 2399; x_wconf 90' lang='lat' dir='ltr'>utrumque</span> <span class='ocrx_word' id='word_1_191' title='bbox 995 2338 1286 2398; x_wconf 89' lang='lat' dir='ltr'>adiectivum,</span> 
     </span>
     <span class='ocr_line' id='line_1_25' title="bbox 183 2421 1286 2492; baseline -0.004 -15"><span class='ocrx_word' id='word_1_192' title='bbox 183 2423 492 2484; x_wconf 79' lang='grc' dir='ltr'><em>θεόπνευστος</em></span> <span class='ocrx_word' id='word_1_193' title='bbox 536 2437 580 2476; x_wconf 84' lang='lat' dir='ltr'>et</span> <span class='ocrx_word' id='word_1_194' title='bbox 621 2421 870 2492; x_wconf 70' lang='grc' dir='ltr'><em>ὠφέλιμος,</em></span> <span class='ocrx_word' id='word_1_195' title='bbox 918 2430 1168 2489; x_wconf 87' lang='lat' dir='ltr'>appositum</span> <span class='ocrx_word' id='word_1_196' title='bbox 1213 2429 1286 2489; x_wconf 86' lang='lat' dir='ltr'>sit,</span> 
     </span>
     <span class='ocr_line' id='line_1_26' title="bbox 181 2510 1288 2580; baseline -0.004 -13"><span class='ocrx_word' id='word_1_197' title='bbox 181 2527 227 2567; x_wconf 82' lang='lat' dir='ltr'>et</span> <span class='ocrx_word' id='word_1_198' title='bbox 279 2521 335 2566; x_wconf 90' lang='lat' dir='ltr'>ad</span> <span class='ocrx_word' id='word_1_199' title='bbox 389 2533 619 2565; x_wconf 91' lang='lat' dir='ltr'>commune</span> <span class='ocrx_word' id='word_1_200' title='bbox 673 2510 992 2580; x_wconf 81' lang='grc' dir='ltr'><em>ὑποκείμενον,</em></span> <span class='ocrx_word' id='word_1_201' title='bbox 1051 2517 1168 2578; x_wconf 92' lang='lat' dir='ltr'>quod</span> <span class='ocrx_word' id='word_1_202' title='bbox 1219 2522 1288 2563; x_wconf 87' lang='lat' dir='ltr'>est</span> 
     </span>
     <span class='ocr_line' id='line_1_27' title="bbox 180 2602 1286 2671; baseline -0.002 -16"><span class='ocrx_word' id='word_1_203' title='bbox 180 2604 315 2655; x_wconf 80' lang='grc' dir='ltr'><em>πᾶσα</em></span> <span class='ocrx_word' id='word_1_204' title='bbox 337 2602 508 2671; x_wconf 82' lang='grc' dir='ltr'><em>γραφή,</em></span> <span class='ocrx_word' id='word_1_205' title='bbox 531 2609 769 2671; x_wconf 77' lang='lat' dir='ltr'>referatur3</span> <span class='ocrx_word' id='word_1_206' title='bbox 797 2608 1079 2653; x_wconf 91' lang='lat' dir='ltr'>nihilominus</span> <span class='ocrx_word' id='word_1_207' title='bbox 1105 2607 1286 2653; x_wconf 84' lang='lat' dir='ltr'>alterum</span> 
     </span>
     <span class='ocr_line' id='line_1_28' title="bbox 183 2690 1287 2760; baseline -0.002 -16"><span class='ocrx_word' id='word_1_208' title='bbox 183 2700 457 2760; x_wconf 84' lang='lat' dir='ltr'>appositum,</span> <span class='ocrx_word' id='word_1_209' title='bbox 506 2690 747 2760; x_wconf 74' lang='grc' dir='ltr'><em>ὠφέλιμος,</em></span> <span class='ocrx_word' id='word_1_210' title='bbox 782 2712 879 2743; x_wconf 90' lang='lat' dir='ltr'>cum</span> <span class='ocrx_word' id='word_1_211' title='bbox 914 2698 1065 2757; x_wconf 91' lang='lat' dir='ltr'>priore</span> <span class='ocrx_word' id='word_1_212' title='bbox 1099 2695 1287 2744; x_wconf 84' lang='grc' dir='ltr'><em>αἰτιατι-</em></span> 
     </span>
     <span class='ocr_line' id='line_1_29' title="bbox 182 2779 1287 2849; baseline -0.002 -15"><span class='ocrx_word' id='word_1_213' title='bbox 182 2785 274 2842; x_wconf 80' lang='grc' dir='ltr'>κῶς</span> <span class='ocrx_word' id='word_1_214' title='bbox 309 2788 550 2848; x_wconf 87' lang='lat' dir='ltr'>copulatur.</span> <span class='ocrx_word' id='word_1_215' title='bbox 602 2788 772 2833; x_wconf 91' lang='lat' dir='ltr'>Idcirco</span> <span class='ocrx_word' id='word_1_216' title='bbox 808 2789 922 2833; x_wconf 86' lang='lat' dir='ltr'>enim</span> <span class='ocrx_word' id='word_1_217' title='bbox 957 2782 1092 2833; x_wconf 78' lang='grc' dir='ltr'><em>πᾶσα</em></span> <span class='ocrx_word' id='word_1_218' title='bbox 1115 2779 1287 2849; x_wconf 84' lang='grc' dir='ltr'><em>γραφή,</em></span> 
     </span>
     <span class='ocr_line' id='line_1_30' title="bbox 181 2869 1288 2938; baseline -0.002 -15"><span class='ocrx_word' id='word_1_219' title='bbox 181 2891 350 2923; x_wconf 88' lang='lat' dir='ltr'>summa</span> <span class='ocrx_word' id='word_1_220' title='bbox 393 2877 627 2937; x_wconf 90' lang='lat' dir='ltr'>librorum,</span> <span class='ocrx_word' id='word_1_221' title='bbox 685 2891 796 2936; x_wconf 90' lang='lat' dir='ltr'>quae</span> <span class='ocrx_word' id='word_1_222' title='bbox 850 2869 1005 2938; x_wconf 80' lang='grc' dir='ltr'><em>γραφὴ</em></span> <span class='ocrx_word' id='word_1_223' title='bbox 1048 2877 1288 2921; x_wconf 90' lang='lat' dir='ltr'>universim</span> 
     </span>
     <span class='ocr_line' id='line_1_31' title="bbox 182 2957 1288 3028; baseline -0.003 -14"><span class='ocrx_word' id='word_1_224' title='bbox 182 2967 405 3028; x_wconf 85' lang='lat' dir='ltr'>audiebat,</span> <span class='ocrx_word' id='word_1_225' title='bbox 442 2980 658 3027; x_wconf 88' lang='lat' dir='ltr'>quamque</span> <span class='ocrx_word' id='word_1_226' title='bbox 690 2958 749 3011; x_wconf 74' lang='grc' dir='ltr'>τοὶ</span> <span class='ocrx_word' id='word_1_227' title='bbox 785 2957 883 3028; x_wconf 70' lang='grc' dir='ltr'><em>ἱεροὶ</em></span> <span class='ocrx_word' id='word_1_228' title='bbox 916 2958 1192 3027; x_wconf 80' lang='grc' dir='ltr'><em>γράμματα,</em></span> <span class='ocrx_word' id='word_1_229' title='bbox 1244 2971 1288 3011; x_wconf 87' lang='lat' dir='ltr'>et</span> 
     </span>
     <span class='ocr_line' id='line_1_32' title="bbox 177 3049 1285 3118; baseline -0.003 -15"><span class='ocrx_word' id='word_1_230' title='bbox 177 3059 307 3104; x_wconf 82' lang='lat' dir='ltr'>Rom.</span> <span class='ocrx_word' id='word_1_231' title='bbox 372 3056 446 3102; x_wconf 87' lang='grc' dir='ltr'>ΠΙ.</span> <span class='ocrx_word' id='word_1_232' title='bbox 499 3056 545 3103; x_wconf 92' lang='grc'>2.</span> <span class='ocrx_word' id='word_1_233' title='bbox 602 3049 733 3118; x_wconf 80' lang='grc' dir='ltr'><em>λόγια</em></span> <span class='ocrx_word' id='word_1_234' title='bbox 786 3050 906 3101; x_wconf 80' lang='grc' dir='ltr'><em>θεοῦ</em></span> <span class='ocrx_word' id='word_1_235' title='bbox 957 3055 1111 3100; x_wconf 89' lang='lat' dir='ltr'>Paulus</span> <span class='ocrx_word' id='word_1_236' title='bbox 1165 3056 1285 3117; x_wconf 86' lang='lat' dir='ltr'>dicit,</span> 
     </span>
     <span class='ocr_line' id='line_1_33' title="bbox 182 3137 1286 3210; baseline -0.004 -16"><span class='ocrx_word' id='word_1_237' title='bbox 182 3139 410 3210; x_wconf 72' lang='grc' dir='ltr'><em>ὠφέλιμός</em></span> <span class='ocrx_word' id='word_1_238' title='bbox 451 3145 567 3202; x_wconf 86' lang='grc' dir='ltr'><em>ἐστι,</em></span> <span class='ocrx_word' id='word_1_239' title='bbox 614 3145 730 3205; x_wconf 90' lang='lat' dir='ltr'>quod</span> <span class='ocrx_word' id='word_1_240' title='bbox 774 3137 1080 3197; x_wconf 73' lang='grc' dir='ltr'><em>θεόπνευστος</em></span> <span class='ocrx_word' id='word_1_241' title='bbox 1124 3158 1147 3189; x_wconf 91' lang='lat' dir='ltr'>a</span> <span class='ocrx_word' id='word_1_242' title='bbox 1191 3146 1286 3193; x_wconf 88' lang='lat' dir='ltr'>Deo</span> 
     </span>
     <span class='ocr_line' id='line_1_34' title="bbox 183 3235 770 3298; baseline -0.009 -14"><span class='ocrx_word' id='word_1_243' title='bbox 183 3239 422 3298; x_wconf 88' lang='lat' dir='ltr'>inspirante</span> <span class='ocrx_word' id='word_1_244' title='bbox 461 3235 770 3297; x_wconf 83' lang='lat' dir='ltr'>proficiscitur.</span> 
     </span>
    </p>
   </div>
   <div class='ocr_carea' id='block_1_8' title="bbox 1371 1701 2478 2134">
    <p class='ocr_par' dir='ltr' id='par_1_9' title="bbox 1371 1701 2478 2134">
     <span class='ocr_line' id='line_1_35' title="bbox 1484 1701 2476 1776; baseline -0.006 -16"><span class='ocrx_word' id='word_1_245' title='bbox 1484 1709 1555 1774; x_wconf 79' lang='lat'>¹⁹)</span> <span class='ocrx_word' id='word_1_246' title='bbox 1607 1701 1733 1759; x_wconf 84' lang='lat' dir='ltr'>Siout</span> <span class='ocrx_word' id='word_1_247' title='bbox 1781 1713 1954 1774; x_wconf 83' lang='lat' dir='ltr'>verbiS,</span> <span class='ocrx_word' id='word_1_248' title='bbox 2007 1705 2125 1776; x_wconf 75' lang='grc' dir='ltr'><em>πρός</em></span> <span class='ocrx_word' id='word_1_249' title='bbox 2166 1707 2476 1765; x_wconf 71' lang='grc' dir='ltr'><em>διδασκαλίαν,</em></span> 
     </span>
     <span class='ocr_line' id='line_1_36' title="bbox 1371 1788 2478 1865; baseline -0.005 -17"><span class='ocrx_word' id='word_1_250' title='bbox 1371 1795 1490 1864; x_wconf 81' lang='grc' dir='ltr'>πρὸς</span> <span class='ocrx_word' id='word_1_251' title='bbox 1531 1796 1734 1865; x_wconf 75' lang='grc' dir='ltr'><em>ἔλεγχον,</em></span> <span class='ocrx_word' id='word_1_252' title='bbox 1786 1816 1888 1862; x_wconf 90' lang='lat' dir='ltr'>pars</span> <span class='ocrx_word' id='word_1_253' title='bbox 1931 1802 2160 1860; x_wconf 88' lang='lat' dir='ltr'>religionis</span> <span class='ocrx_word' id='word_1_254' title='bbox 2202 1788 2478 1860; x_wconf 76' lang='grc' dir='ltr'><em>θεωρητική,</em></span> 
     </span>
     <span class='ocr_line' id='line_1_37' title="bbox 1371 1880 2478 1963; baseline -0.006 -26"><span class='ocrx_word' id='word_1_255' title='bbox 1371 1892 1433 1937; x_wconf 89' lang='lat' dir='ltr'>ita</span> <span class='ocrx_word' id='word_1_256' title='bbox 1468 1892 1644 1952; x_wconf 90' lang='lat' dir='ltr'>verbis,</span> <span class='ocrx_word' id='word_1_257' title='bbox 1687 1884 1805 1963; x_wconf 70' lang='grc' dir='ltr'><em>προς</em></span> <span class='ocrx_word' id='word_1_258' title='bbox 1846 1884 2186 1954; x_wconf 78' lang='grc' dir='ltr'><em>ἐπανόρθωσιν,</em></span> <span class='ocrx_word' id='word_1_259' title='bbox 2220 1880 2338 1950; x_wconf 78' lang='grc' dir='ltr'><em>πρός</em></span> <span class='ocrx_word' id='word_1_260' title='bbox 2371 1899 2478 1932; x_wconf 87' lang='grc' dir='ltr'><em>παι-</em></span> 
     </span>
     <span class='ocr_line' id='line_1_38' title="bbox 1372 1972 2476 2043; baseline -0.006 -16"><span class='ocrx_word' id='word_1_261' title='bbox 1372 1979 1498 2027; x_wconf 85' lang='grc' dir='ltr'><em>δείαν</em></span> <span class='ocrx_word' id='word_1_262' title='bbox 1548 1974 1631 2041; x_wconf 72' lang='grc' dir='ltr'><em>τήν</em></span> <span class='ocrx_word' id='word_1_263' title='bbox 1682 1981 1729 2027; x_wconf 81' lang='grc' dir='ltr'><em>ἐν</em></span> <span class='ocrx_word' id='word_1_264' title='bbox 1780 1972 2063 2043; x_wconf 82' lang='grc' dir='ltr'><em>δικαιοσύνῃ,</em></span> <span class='ocrx_word' id='word_1_265' title='bbox 2122 1991 2226 2038; x_wconf 86' lang='lat' dir='ltr'>pars</span> <span class='ocrx_word' id='word_1_266' title='bbox 2281 1976 2476 2022; x_wconf 89' lang='lat' dir='ltr'>eiusdem</span> 
     </span>
     <span class='ocr_line' id='line_1_39' title="bbox 1372 2063 2002 2134; baseline -0.003 -17"><span class='ocrx_word' id='word_1_267' title='bbox 1372 2063 1600 2134; x_wconf 69' lang='grc' dir='ltr'><em>πρακτικὴ</em></span> <span class='ocrx_word' id='word_1_268' title='bbox 1635 2070 1780 2116; x_wconf 84' lang='lat' dir='ltr'>efferri</span> <span class='ocrx_word' id='word_1_269' title='bbox 1814 2070 2002 2116; x_wconf 87' lang='lat' dir='ltr'>videtur.</span> 
     </span>
    </p>
   </div>
   <div class='ocr_carea' id='block_1_9' title="bbox 1374 2199 2473 2346">
    <p class='ocr_par' dir='ltr' id='par_1_10' title="bbox 1374 2199 2473 2346">
     <span class='ocr_line' id='line_1_40' title="bbox 1476 2199 2473 2266; baseline -0.008 -15"><span class='ocrx_word' id='word_1_270' title='bbox 1476 2204 1550 2266; x_wconf 79' lang='lat'>²⁰)</span> <span class='ocrx_word' id='word_1_271' title='bbox 1602 2204 1680 2252; x_wconf 90' lang='lat' dir='ltr'>Sic</span> <span class='ocrx_word' id='word_1_272' title='bbox 1701 2209 1845 2264; x_wconf 89' lang='lat' dir='ltr'>vert0,</span> <span class='ocrx_word' id='word_1_273' title='bbox 1883 2203 2000 2262; x_wconf 92' lang='lat' dir='ltr'>quod</span> <span class='ocrx_word' id='word_1_274' title='bbox 2023 2207 2187 2263; x_wconf 87' lang='lat' dir='ltr'>putem,</span> <span class='ocrx_word' id='word_1_275' title='bbox 2213 2199 2473 2261; x_wconf 84' lang='lat' dir='ltr'>particulam</span> 
     </span>
     <span class='ocr_line' id='line_1_41' title="bbox 1374 2287 1909 2346; baseline -0.006 -6"><span class='ocrx_word' id='word_1_276' title='bbox 1374 2287 1447 2340; x_wconf 84' lang='grc' dir='ltr'>ἵνα</span> <span class='ocrx_word' id='word_1_277' title='bbox 1482 2294 1681 2340; x_wconf 90' lang='lat' dir='ltr'>adhiberi</span> <span class='ocrx_word' id='word_1_278' title='bbox 1713 2287 1909 2346; x_wconf 76' lang='grc' dir='ltr'><em>τελικῶς.</em></span> 
     </span>
    </p>
   </div>
   <div class='ocr_carea' id='block_1_10' title="bbox 1369 2423 2476 2933">
    <p class='ocr_par' dir='ltr' id='par_1_11' title="bbox 1369 2423 2476 2933">
     <span class='ocr_line' id='line_1_42' title="bbox 1474 2423 2476 2491; baseline -0.008 -16"><span class='ocrx_word' id='word_1_279' title='bbox 1474 2428 1548 2491; x_wconf 81' lang='lat'>²¹)</span> <span class='ocrx_word' id='word_1_280' title='bbox 1604 2428 1862 2474; x_wconf 91' lang='lat' dir='ltr'>Cuiusmodi</span> <span class='ocrx_word' id='word_1_281' title='bbox 1898 2428 2011 2472; x_wconf 90' lang='lat' dir='ltr'>istae</span> <span class='ocrx_word' id='word_1_282' title='bbox 2046 2430 2168 2486; x_wconf 84' lang='lat' dir='ltr'>sunt,</span> <span class='ocrx_word' id='word_1_283' title='bbox 2204 2423 2360 2484; x_wconf 91' lang='lat' dir='ltr'>quibus</span> <span class='ocrx_word' id='word_1_284' title='bbox 2395 2423 2476 2468; x_wconf 93' lang='lat' dir='ltr'>ho-</span> 
     </span>
     <span class='ocr_line' id='line_1_43' title="bbox 1371 2511 2472 2578; baseline -0.008 -13"><span class='ocrx_word' id='word_1_285' title='bbox 1371 2520 1508 2565; x_wconf 90' lang='lat' dir='ltr'>mines</span> <span class='ocrx_word' id='word_1_286' title='bbox 1565 2519 1650 2564; x_wconf 92' lang='lat' dir='ltr'>Dei</span> <span class='ocrx_word' id='word_1_287' title='bbox 1704 2518 1975 2578; x_wconf 88' lang='lat' dir='ltr'>appellantur</span> <span class='ocrx_word' id='word_1_288' title='bbox 2030 2514 2064 2559; x_wconf 93' lang='lat' dir='ltr'>I.</span> <span class='ocrx_word' id='word_1_289' title='bbox 2118 2514 2270 2560; x_wconf 88' lang='lat' dir='ltr'>Thess.</span> <span class='ocrx_word' id='word_1_290' title='bbox 2331 2512 2365 2557; x_wconf 91' lang='lat' dir='ltr'>l.</span> <span class='ocrx_word' id='word_1_291' title='bbox 2426 2511 2472 2556; x_wconf 88' lang='grc'>9.</span> 
     </span>
     <span class='ocr_line' id='line_1_44' title="bbox 1370 2593 2475 2666; baseline -0.008 -13"><span class='ocrx_word' id='word_1_292' title='bbox 1370 2603 1652 2661; x_wconf 80' lang='grc' dir='ltr'><em>δουλεύοντες</em></span> <span class='ocrx_word' id='word_1_293' title='bbox 1720 2601 1825 2666; x_wconf 74' lang='grc' dir='ltr'><em>θεῷ</em></span> <span class='ocrx_word' id='word_1_294' title='bbox 1898 2600 2031 2661; x_wconf 61' lang='lat' dir='ltr'>§dim</span> <span class='ocrx_word' id='word_1_295' title='bbox 2099 2601 2175 2648; x_wconf 84' lang='grc' dir='ltr'><em>καὶ</em></span> <span class='ocrx_word' id='word_1_296' title='bbox 2236 2593 2475 2661; x_wconf 74' lang='grc' dir='ltr'><em>ἄληθινῷε</em></span> 
     </span>
     <span class='ocr_line' id='line_1_45' title="bbox 1369 2684 2472 2756; baseline -0.009 -13"><span class='ocrx_word' id='word_1_297' title='bbox 1369 2696 1532 2756; x_wconf 91' lang='lat' dir='ltr'>Ephes.</span> <span class='ocrx_word' id='word_1_298' title='bbox 1567 2695 1643 2742; x_wconf 92' lang='lat' dir='ltr'>VI.</span> <span class='ocrx_word' id='word_1_299' title='bbox 1681 2695 1757 2741; x_wconf 87' lang='lat'>24.</span> <span class='ocrx_word' id='word_1_300' title='bbox 1794 2686 2060 2756; x_wconf 73' lang='grc' dir='ltr'><em>ἀγαπῶντες</em></span> <span class='ocrx_word' id='word_1_301' title='bbox 2093 2684 2232 2738; x_wconf 77' lang='grc' dir='ltr'><em>θεόνε</em></span> <span class='ocrx_word' id='word_1_302' title='bbox 2277 2690 2329 2735; x_wconf 92' lang='lat'>11.</span> <span class='ocrx_word' id='word_1_303' title='bbox 2362 2689 2472 2735; x_wconf 89' lang='lat' dir='ltr'>Tim.</span> 
     </span>
     <span class='ocr_line' id='line_1_46' title="bbox 1371 2771 2474 2841; baseline -0.009 -10"><span class='ocrx_word' id='word_1_304' title='bbox 1371 2785 1424 2831; x_wconf 94' lang='lat' dir='ltr'>II.</span> <span class='ocrx_word' id='word_1_305' title='bbox 1495 2785 1572 2831; x_wconf 87' lang='lat'>22.</span> <span class='ocrx_word' id='word_1_306' title='bbox 1642 2779 1957 2835; x_wconf 77' lang='grc' dir='ltr'><em>ἐπικαλοῦντες</em></span> <span class='ocrx_word' id='word_1_307' title='bbox 2023 2773 2102 2827; x_wconf 76' lang='grc' dir='ltr'><em>τὸν</em></span> <span class='ocrx_word' id='word_1_308' title='bbox 2171 2771 2356 2841; x_wconf 82' lang='grc' dir='ltr'><em>κύριον;</em></span> <span class='ocrx_word' id='word_1_309' title='bbox 2429 2782 2474 2822; x_wconf 87' lang='lat' dir='ltr'>et</span> 
     </span>
     <span class='ocr_line' id='line_1_47' title="bbox 1372 2859 2472 2933; baseline -0.01 -11"><span class='ocrx_word' id='word_1_310' title='bbox 1372 2876 1539 2922; x_wconf 87' lang='lat' dir='ltr'>ibidem</span> <span class='ocrx_word' id='word_1_311' title='bbox 1603 2889 1646 2921; x_wconf 88' lang='lat' dir='ltr'>v.</span> <span class='ocrx_word' id='word_1_312' title='bbox 1703 2873 1778 2919; x_wconf 85' lang='lat'>19.</span> <span class='ocrx_word' id='word_1_313' title='bbox 1842 2864 2139 2933; x_wconf 84' lang='grc' dir='ltr'><em>ὀνομάζοντες</em></span> <span class='ocrx_word' id='word_1_314' title='bbox 2204 2860 2258 2915; x_wconf 75' lang='grc' dir='ltr'>τό</span> <span class='ocrx_word' id='word_1_315' title='bbox 2323 2859 2472 2927; x_wconf 78' lang='grc' dir='ltr'><em>ὄνομα</em></span> 
     </span>
    </p>
   </div>
   <div class='ocr_carea' id='block_1_11' title="bbox 1370 2960 1903 3292">
    <p class='ocr_par' dir='ltr' id='par_1_12' title="bbox 1370 2960 1903 3292">
     <span class='ocr_line' id='line_1_48' title="bbox 1370 2960 1644 3028; baseline -0.018 -15"><span class='ocrx_word' id='word_1_316' title='bbox 1370 2960 1454 3013; x_wconf 81' lang='grc' dir='ltr'>τοῦ</span> <span class='ocrx_word' id='word_1_317' title='bbox 1476 2962 1644 3028; x_wconf 86' lang='grc' dir='ltr'><em>κυρίου.</em></span> 
     </span>
     <span class='ocr_line' id='line_1_49' title="bbox 1475 3095 1903 3175; baseline -0.007 -33"><span class='ocrx_word' id='word_1_318' title='bbox 1475 3095 1550 3159; x_wconf 82' lang='lat'>22)</span> <span class='ocrx_word' id='word_1_319' title='bbox 1609 3095 1693 3141; x_wconf 82' lang='lat' dir='ltr'>Tit.</span> <span class='ocrx_word' id='word_1_320' title='bbox 1728 3095 1782 3141; x_wconf 84' lang='grc' dir='ltr'>Π.</span> <span class='ocrx_word' id='word_1_321' title='bbox 1818 3095 1903 3175; x_wconf 41' lang='lat' dir='ltr'>a,</span> 
     </span>
     <span class='ocr_line' id='line_1_50' title="bbox 1477 3226 1867 3292; baseline -0.005 -18"><span class='ocrx_word' id='word_1_322' title='bbox 1477 3229 1551 3292; x_wconf 82' lang='lat'>2³)</span> <span class='ocrx_word' id='word_1_323' title='bbox 1605 3227 1716 3283; x_wconf 63' lang='lat' dir='ltr'>und.</span> <span class='ocrx_word' id='word_1_324' title='bbox 1752 3226 1786 3272; x_wconf 87' lang='lat'>1.</span> <span class='ocrx_word' id='word_1_325' title='bbox 1822 3227 1867 3273; x_wconf 86' lang='lat'>9.</span> 
     </span>
    </p>
   </div>
  </div>
 </body>
</html>
