2574 4276
268 140 332 187 14
832 179 839 187 .
1130 130 1630 189 PROLEGOMEN
1634 133 1683 187 A

263 283 486 328 strenuus
521 276 798 327 Bellarmini
843 276 1024 328 vindex
1059 275 1315 326 Gretserus
1363 275 1412 325 in
1447 276 1681 343 singulari
1718 275 1781 326 de
1815 275 2033 329 Romano
2072 276 2300 331 Pontifice
2338 294 2541 331 concer-

261 369 464 434 tatione,
512 367 739 418 Nicolaus
788 366 1066 418 Coeffeteau
1119 367 1168 415 in
1212 366 1451 431 evulgatis
1500 382 1603 434 pror
1641 383 1780 419 sacra
1815 366 2093 422 Mon‘archia
2131 370 2365 423 adversus
2399 370 2545 423 Rem-

261 460 500 527 publicam
548 459 698 511 Marci
745 458 940 509 Antonii
996 456 1056 506 de
1104 455 1322 509 Dominis
1371 457 1505 509 libris
1556 459 1902 525 apologeticiS,
1961 460 2218 514 Froehlich
2267 465 2315 515 in
2367 478 2542 531 opere,

262 552 378 611 Quis
417 558 491 602 est
508 551 693 614 Petrus,
725 547 969 613 Zallinger
1006 547 1055 596 in
1090 546 1206 597 Jure
1230 547 1423 613 publico
1451 549 1802 617 ecclesiasticO,
1843 550 2103 604 Stattlerin
2120 553 2544 608 Demonstratione

263 642 536 708 Catholica,
590 639 730 691 Veith
783 638 843 688 de
886 637 1095 688 Primam
1142 645 1190 689 et
1236 639 1566 692 infallibilitate
1610 641 1815 693 Romani
1861 643 2124 711 PontificiS,
2173 663 2232 698 ac
2275 663 2338 699 ne
2379 647 2545 715 plures

261 745 530 784 memorem
566 734 602 797 ²,
652 731 683 780 ii
728 744 928 796 prorsus
977 744 1174 796 omnes,
1229 734 1311 797 qui
1362 733 1410 782 in
1453 733 1547 783 hac
1593 734 1772 784 tuenda
1808 734 2043 786 catholica
2081 739 2284 790 veritate
2319 720 2546 790 eximiam

262 824 353 876 sibi
390 823 695 885 eruditionis,
743 822 1073 886 scientiaeque
1122 821 1298 873 famam
1334 831 1644 891 pepererunt.
1719 826 1900 878 Tantae
1937 843 2056 879 vero
2095 828 2396 881 adhibendae
2431 845 2547 882 con-

259 916 484 966 tentionis
540 914 663 965 haec
708 912 794 963 fuit
839 913 986 978 rati0,
1040 913 1170 979 quod
1219 930 1246 965 a
1293 930 1348 965 se
1391 918 1540 968 satius
1574 917 1739 984 prodi,
1785 934 1927 985 quam
1964 935 2189 972 caussam
2226 921 2422 973 defendi
2456 923 2548 973 viri

258 1006 524 1057 doctissimi
555 1005 898 1072 intelligerent,
936 1004 1029 1055 nisi
1064 1005 1197 1055 omni
1235 1022 1327 1072 qua
1360 1015 1563 1074 possent
1584 1001 1708 1076 ope,
1749 1009 2101 1078 Scripturarum
2136 1014 2412 1065 testimonia
2442 1015 2547 1065 vin-

258 1098 489 1150 dicarent.
564 1096 663 1151 Sed
708 1111 872 1146 nonne
919 1102 1112 1162 praesto
1158 1104 1263 1148 erat
1310 1097 1566 1151 Traditio?
1618 1101 1904 1167 suppetebat
1951 1104 2227 1172 enimverO,
2286 1106 2375 1156 sed
2422 1106 2544 1173 talis,

256 1191 393 1242 cuius
430 1191 503 1242 vis
541 1205 639 1241 non
662 1204 828 1262 'aegre
864 1187 1225 1255 infringeretur,
1263 1191 1306 1241 si
1343 1189 1403 1241 de
1437 1198 1753 1259 praepostera
1788 1195 1804 1220 ³
1849 1192 2107 1245 bibliorum
2132 1196 2544 1264 interpretatione,

258 1299 286 1334 e
323 1298 418 1350 qua
454 1282 719 1350 pendebat,
755 1281 911 1334 semel
947 1282 1239 1333 constitissit.
2507 1276 2512 1283 ’

439 1379 516 1425 19.
571 1374 711 1434 Quod
746 1373 814 1424 illi
849 1387 946 1424 non
983 1389 1038 1424 re
1077 1373 1235 1425 solum
1272 1374 1375 1441 ipsa
1411 1391 1469 1426 ac
1507 1390 1674 1443 opere,
1715 1376 1804 1428 sed
1840 1378 2110 1444 perspicuis
2146 1394 2341 1447 quoque
2365 1380 2545 1447 verhiS,

256 1467 571 1534 repetitisque
618 1465 804 1516 iudiciis
857 1465 1201 1533 significarunt.
1285 1465 1476 1517 Etenim
1511 1467 1608 1519 huc
1645 1470 1841 1519 omnino
1877 1471 2151 1537 pertinent,
2203 1487 2327 1539 quae
2365 1488 2428 1524 ex
2461 1472 2547 1524 Jo-

256 1558 416 1609 hanne
464 1557 680 1610 Roffensi
736 1564 904 1609 contra
942 1558 1205 1608 Lutherum
1263 1566 1524 1625 perorante
1578 1560 1864 1612 Emmanuel
1914 1561 2253 1615 Schelstratius
2289 1567 2306 1591 ⁴
2366 1565 2543 1616 refert:

254 1650 474 1719 „Adesto
511 1657 560 1701 et
592 1657 644 1701 tu
677 1651 888 1702 Luthere
937 1642 1051 1702 cum
1095 1649 1359 1702 lutheranis
1397 1650 1620 1702 omnibus
1657 1652 1775 1718 tuiS,
1821 1659 1870 1703 et
1905 1655 2068 1705 omnia
2103 1656 2258 1708 studia
2295 1663 2458 1708 vestra
2495 1658 2544 1707 in

255 1758 402 1794 unum
440 1741 672 1811 conflate3
707 1759 969 1811 numquam
1007 1740 1226 1795 efficietis
1264 1743 1379 1809 quin
1416 1759 1534 1794 vera
1568 1743 1864 1810 praedixerit
1900 1745 2143 1814 ChristUS,
2179 1764 2378 1815 nempe,
2417 1749 2548 1815 quod

256 1849 405 1901 super
450 1840 662 1903 petram,
711 1836 807 1886 hoc
862 1842 938 1887 est
981 1835 1198 1902 Petrum,
1248 1834 1584 1887 aedificaturus
1622 1842 1755 1887 esset
1791 1837 2078 1888 ecclesiam:
2128 1845 2220 1890 stat
2256 1846 2423 1891 contra
2456 1854 2546 1891 vos

254 1926 379 1977 haec
427 1928 685 1978 auctoritas
709 1984 711 1991 A
731 1928 931 1992 invicta,
979 1944 1104 1995 quae
1150 1929 1294 1979 etiam
1343 1927 1403 1979 de
1451 1928 1589 1979 vobis
1635 1929 1892 1995 triumphat
1929 1935 1978 1980 et
2013 1930 2373 1997 triumphabit.“
2444 1931 2549 1982 Huc

256 2018 435 2070 faciunt
480 2035 604 2085 quae
652 2020 702 2069 in
753 2019 975 2071 eamdem
1025 2021 1314 2072 sententiam
1367 2019 1427 2071 de
1471 2021 1765 2072 necessitate
1802 2021 1966 2072 tuendi
2004 2023 2392 2075 commendatam
2429 2023 2547 2074 Tra-

257 2111 449 2163 ditionis
497 2110 728 2178 suffragio
776 2111 1035 2163 bibliorum
1078 2113 1524 2179 interpretationem
1570 2110 1750 2163 habent
1798 2112 2168 2181 Schelstratius,
2215 2116 2351 2166 cuius
2402 2115 2548 2167 modo

258 2204 589 2270 meminimUS,
638 2209 685 2253 et
721 2202 949 2255 Zaccaria
985 2205 1034 2255 in
1071 2204 1222 2255 altera
1260 2220 1324 2256 ex
1359 2204 1774 2267 dissertationibus
1812 2209 1847 2272 ⁵,
1893 2205 2064 2272 quibus
2101 2221 2221 2273 opus
2257 2206 2549 2258 Anti-Feb-

256 2297 416 2348 bronii
466 2296 692 2347 vindicati
742 2277 1029 2347 continet-ur.
1121 2295 1219 2349 Sed
1268 2297 1479 2363 insignia
1529 2312 1647 2364 prae
1692 2296 1891 2363 reliquis
1930 2304 2040 2348 sunt
2077 2313 2201 2364 quae
2237 2298 2406 2350 Petrus
2440 2299 2549 2350 Bal-

255 2390 455 2440 lerinius
493 2388 839 2440 animadvertit.
911 2388 957 2439 Is
995 2389 1123 2439 enim
1155 2390 1538 2456 propositionem
1577 2390 1804 2456 quintam,
1845 2405 1987 2456 quam
2023 2390 2425 2458 propugnandam
2453 2405 2548 2458 -ag-

256 2482 489 2550 greditur,
527 2482 599 2532 sic
634 2482 650 2507 ⁶
706 2478 874 2531 effert:
926 2478 1183 2547 „Divinum
1221 2483 1320 2548 ius,
1373 2497 1468 2548 quo
1504 2483 1758 2548 primatum
1794 2483 2085 2549 praecipuae
2122 2482 2464 2535 iurisdictionis
2502 2489 2551 2535 et

253 2574 563 2642 personalem
598 2578 613 2600 ⁷
666 2587 703 2623 s.
730 2571 856 2623 Petri
893 2612 1082 2625 ......
1123 2561 1435 2626 constitutum
1465 2573 1687 2641 diximuS,
1721 2580 2000 2640 praecipua
2034 2574 2180 2626 habet
2193 2573 2545 2642 fundamenta

352 2762 399 2823 ²)
443 2760 572 2807 Alios
605 2774 712 2807 sane
747 2762 906 2808 multos
940 2763 1077 2808 semel
1113 2775 1164 2807 ac
1198 2746 1353 2808 iteruin

254 2851 452 2910 superius
478 2838 680 2896 laudavi.

353 2939 399 3000 ³)
432 2939 557 2985 Unde
592 2940 707 2984 enim
743 2953 794 2984 ea
831 2940 900 2985 vis
927 2939 1194 2986 Traditionis
1230 2955 1357 3000 repe—

253 3029 381 3089 titur,
426 3042 537 3087 quae
580 3028 825 3089 firmandis,
879 3030 1208 3088 statuendisque
1252 3030 1355 3075 fidei

254 3117 443 3162 decretis
477 3130 558 3175 par
592 3109 692 3161 est?
727 3132 783 3162 ex
818 3117 1211 3178 promissionibuS,
1258 3119 1354 3177 qui-

254 3205 336 3250 bus
372 3204 568 3249 Christus
602 3207 794 3251 unanimi
829 3212 1069 3267 pastorum,
1105 3206 1356 3251 doctorum-

254 3308 337 3353 que
404 3294 649 3339 sententiae
718 3297 1025 3341 auctoritatem
1091 3296 1354 3341 conciliavit.

256 3382 345 3428 Sed
378 3383 698 3441 promissiones
719 3384 879 3429 Christi
915 3386 970 3430 ad
1002 3389 1230 3445 pastoreS,
1275 3385 1355 3430 do-

254 3476 486 3531 ctoresque
528 3472 727 3531 inprimis
774 3465 1039 3534 referuntur,
1099 3474 1201 3518 dum
1237 3475 1355 3520 Scri-

253 3565 405 3618 pturas
446 3574 531 3606 uno
578 3575 679 3623 ore,
734 3576 905 3621 unaque
964 3569 1107 3608 mente
1141 3564 1355 3622 interpre-

254 3654 412 3694 tantur.

253 3751 368 3784 voce
402 3738 707 3797 interpretatio
742 3740 882 3786 errori
917 3740 1114 3786 obnoxia
1151 3742 1356 3786 ostende-

490 3651 539 3696 Si
582 3664 692 3709 ergo
738 3651 899 3696 tradita
948 3651 1002 3695 ab
1047 3653 1102 3697 iis
1145 3653 1356 3698 concordi

251 3832 386 3886 retur,
420 3827 527 3871 nihil
563 3828 618 3872 ab
654 3829 708 3873 iis
732 3831 974 3888 profectum
1000 3842 1152 3876 eorum
1175 3843 1354 3875 numero

252 3915 406 3961 haberi
447 3921 627 3977 posset,
680 3931 792 3976 quae
835 3925 1016 3979 propter
1056 3920 1231 3965 testium
1278 3932 1355 3963 au-

252 4005 503 4051 ctoritatem
538 4006 786 4051 creduntur.

353 4093 399 4158 ⁴)
419 4094 632 4155 Antiquit.
653 4094 853 4141 illustrat.
863 4093 980 4141 Diss.
992 4093 1046 4141 ΙΙ.
1067 4109 1105 4142 c.
1124 4095 1200 4142 Vl.
1225 4099 1306 4141 art.
1321 4094 1354 4141 Ι.

1539 2762 1585 2824 ⁵)
1623 2761 1727 2822 Cap.
1763 2761 1836 2806 ΙΙΙ.
1873 2760 1915 2820 §.
1950 2760 2002 2805 ΙΙ.

1539 2849 1584 2911 ⁶)
1619 2850 1684 2897 De
1717 2852 1762 2895 vi
1796 2855 1841 2895 et
1872 2851 2045 2894 ratione
2079 2849 2309 2909 Primatus,
2354 2862 2449 2909 cap.
2486 2850 2541 2896 V.

1540 2938 1585 2999 ⁷)
1630 2939 1842 2984 Primatus
1883 2939 1999 2984 Petri
2043 2937 2229 2999 duplici,
2278 2937 2543 2998 diversaque

1439 3029 1612 3073 ratione
1668 3040 1767 3073 esse
1820 3041 1872 3071 ac
1926 3027 2014 3072 dici
2072 3027 2330 3087 personalis
2380 3033 2543 3087 potest.

1441 3117 1588 3177 Atque
1621 3117 1703 3162 hac
1749 3117 1972 3175 inprimis,
2019 3117 2079 3160 ita
2116 3115 2232 3161 illius
2268 3116 2405 3162 fuisse
2439 3130 2542 3176 pro-

1438 3209 1605 3268 prium,
1644 3219 1694 3250 ac
1729 3205 1923 3250 eiusdem
1957 3217 2175 3263 personae
2216 3205 2462 3267 addictum,
2498 3212 2544 3251 ut

1439 3309 1537 3340 cum
1573 3308 1627 3340 eo
1661 3295 1789 3354 plane
1824 3293 2016 3338 desierit.
2088 3292 2194 3338 Tum
2230 3293 2340 3355 hac,
2385 3295 2451 3339 sic
2484 3295 2546 3340 illi

1438 3384 1722 3443 convenisse,
1769 3387 1816 3427 ut
1859 3382 1957 3426 aliis
1993 3383 2239 3427 communis
2274 3396 2363 3428 non
2398 3383 2542 3428 fuerit.

1439 3474 1568 3529 Quod
1601 3473 1737 3533 priori
1771 3471 2098 3529 significatione
2125 3473 2372 3531 personale
2403 3472 2537 3531 audit,

1436 3562 1572 3620 reali,
1634 3561 1914 3621 perennique
1981 3562 2240 3619 opponitur:
2304 3561 2541 3621 posteriori

1437 3664 1547 3697 vero
1583 3652 1624 3696 ei
1658 3649 1906 3709 opponitur,
1944 3649 2063 3708 quod
2102 3656 2170 3695 est
2204 3663 2460 3709 commune,
2497 3654 2543 3694 et

1437 3740 1631 3800 pluribus
1666 3728 1933 3800 ἀδιαφόρως
1967 3739 2095 3783 inest.

1535 3829 1743 3874 Jamvero
1788 3827 2148 3873 Montanistarum
2203 3826 2286 3871 fuit
2331 3826 2540 3871 adversus

1438 3918 1703 3978 catholicos,
1752 3928 1863 3975 quos
1896 3929 1975 3975 per
2005 3928 2217 3961 summam
2249 3916 2538 3973 contemptio-

1439 4021 1538 4052 nem
1597 4005 1833 4070 psychicos
1877 4004 2182 4064 appellabant,
2250 4001 2537 4062 contendere,

1440 4100 1696 4141 ornamenta
1751 4094 1868 4141 Petri
1920 4107 1973 4139 ea
2027 4091 2350 4152 significatione
2402 4089 2539 4136 fuisse
