2574 4276
180 100 247 151 56
1061 100 1280 153 111ssssss
1352 81 1634 155 Fuimus

186 242 315 303 haec
338 243 383 271 ⁵³
438 240 499 293 de
532 240 706 293 Petro:
754 238 1021 308 μακάριος
1058 238 1110 292 εἶ
1146 239 1348 308 Σίμων
1379 238 1487 308 βοὶρ
1522 239 1685 294 Ἰωνᾶ
1703 283 1713 294 .
1737 283 1748 295 .
1771 282 1782 295 .
1830 245 1920 297 καὶ
1963 247 2048 299 ἐπὶ
2079 246 2236 318 ταύτῃ
2266 248 2326 319 τῇ
2359 264 2523 318 πετρᾳ

188 330 528 404 οἰκοδομήσω
562 351 670 401 μου
706 327 798 396 τήν
832 332 1126 395 ἐκκλησίαν.

370 475 451 521 32.
525 468 663 529 Quae
698 468 739 518 si
772 481 871 517 uno
908 456 1165 516 oculorum
1201 465 1373 517 obtutu
1408 468 1458 518 in
1495 483 1642 519 unam
1680 469 1882 522 redacta
1918 486 2157 526 summam
2194 476 2521 544 comprehen-

189 564 385 628 dantur,
431 560 479 612 id
529 574 649 611 sane
699 555 940 623 efficient,
991 563 1043 607 ut
1090 558 1290 625 gemina
1339 560 1500 625 potius
1551 575 1698 627 quam
1743 561 1913 614 similis
1959 565 2238 634 οἰκονομία
2271 567 2364 620 Dei
2412 585 2524 621 cum

188 655 471 707 Abrahamo
519 656 664 715 atque
713 648 858 699 Petro
910 648 1149 700 videatur.
1237 651 1547 702 Conveniunt
1593 653 1724 703 enim
1767 655 1951 721 prima,
2006 660 2302 712 conveniunt
2345 661 2523 728 media,

187 746 485 798 conveniunt
531 741 715 792 ultima.
789 740 1007 808 Uterque
1045 748 1248 793 vocatus
1288 749 1549 794 vocantem
1583 746 1830 811 sequitur:
1877 749 2072 816 utrique
2109 764 2318 819 novum,
2367 753 2523 804 idem-

187 854 283 907 que
321 835 566 887 fatidicum
604 848 787 885 nomen
823 835 1143 908 promittitur,
1191 836 1589 903 promissumque
1628 837 1904 890 confertur:
1954 841 2133 892 eximia
2168 841 2309 911 fidei,
2348 847 2523 897 carita-

185 932 345 996 tisque
395 926 664 993 specimina
711 925 772 976 ab
814 932 1023 992 utroque
1059 926 1391 993 postulantur:
1442 936 1619 981 neuter
1655 929 1747 982 sibi
1787 930 1955 999 deest,
2006 939 2152 1000 atque
2189 935 2315 986 adeo
2351 943 2528 988 neuter

184 1021 402 1072 uberiori
437 1019 658 1086 praemio
698 1016 974 1068 fraudatur:
1014 1018 1285 1086 explicatur
1321 1018 1606 1081 Abrahamo
1642 1021 1981 1096 propheticum
2018 1040 2217 1094 nomen,
2257 1028 2526 1096 explicatur

186 1118 234 1165 et
258 1112 433 1164 Petro:
471 1109 700 1178 intelligit
736 1109 986 1160 Abraham
1024 1126 1163 1161 suam
1201 1112 1251 1161 in
1286 1118 1477 1178 patrem
1515 1116 1731 1166 omnium
1768 1117 1988 1183 gentium
2020 1118 2413 1186 destinationem,
2454 1123 2528 1172 in-

184 1203 360 1272 telligit
394 1210 444 1255 et
478 1203 676 1270 Petrus,
715 1220 772 1256 se
809 1203 1072 1254 universae
1112 1203 1358 1255 ecclesiae
1394 1211 1583 1271 petram
1621 1210 1875 1274 praestitui
1895 1216 1913 1259 ;’
1947 1209 2121 1262 beatus
2159 1211 2333 1263 dicitur
2368 1212 2527 1264 Abra-

185 1295 317 1363 ham,
353 1295 529 1347 dicitur
560 1303 610 1347 et
645 1296 844 1347 Petrus:
883 1294 1138 1346 revelatur
1172 1294 1473 1363 Abrahamo,
1511 1300 1761 1350 neminem
1787 1302 1881 1353 nisi
1919 1318 1983 1353 ex
2013 1303 2119 1369 ipso
2152 1292 2209 1354 ‘et
2242 1319 2334 1371 per
2367 1306 2525 1370 ipsum

187 1389 419 1442 coelestis
463 1388 822 1440 benedictionis
868 1388 974 1439 fore
1023 1389 1338 1456 participem,
1387 1389 1638 1441 revelatur
1685 1398 1734 1442 et
1770 1392 1938 1460 Petr0,
1990 1409 2177 1446 omnes
2212 1411 2276 1446 ex
2321 1396 2428 1462 ipso
2478 1402 2529 1447 et

183 1499 274 1550 per
310 1483 467 1549 ipsum
508 1481 814 1547 firmitatem,
863 1480 1276 1548 stabilitatemque
1326 1490 1745 1549 consequuturos:
1797 1487 2060 1553 posteritas
2098 1487 2269 1554 nequit
2304 1487 2396 1539 sibi
2431 1489 2525 1540 nisi

184 1591 275 1643 per
311 1574 647 1626 Abrahamum
684 1574 940 1624 victoriam
979 1573 1040 1624 de
1077 1573 1299 1625 hostibus
1336 1574 1585 1643 polliceri,
1624 1582 1672 1627 at
1708 1591 1871 1644 neque
1914 1578 2129 1630 ecclesia
2166 1579 2228 1630 de
2264 1581 2417 1647 portis
2454 1582 2527 1632 in-

185 1667 312 1719 ferni
356 1668 450 1718 nisi
496 1682 588 1733 per
629 1665 827 1716 Petrum
863 1665 1161 1733 triumphum
1199 1673 1346 1734 aget:
1398 1666 1611 1733 denique
1647 1668 2056 1738 si·Abrahamus,
2106 1678 2276 1738 utpote
2317 1659 2525 1724 creden-

185 1761 303 1811 tium
335 1764 630 1826 praeceptor
666 1758 927 1823 institutuS,
971 1758 1210 1825 singulari
1247 1773 1365 1809 cura
1403 1753 1635 1810 divinitus
1672 1750 1935 1829 edocetur,
1983 1764 2223 1832 singulari
2255 1765 2374 1816 item
2412 1781 2528 1817 cura

188 1850 405 1904 eruditur
441 1850 642 1917 PetruS,
694 1865 842 1916 quem
878 1849 1097 1901 Christus
1130 1852 1436 1903 universitati
1471 1850 1686 1903 fidelium
1733 1856 2049 1922 magistrum,
2097 1857 2526 1925 institutoremque

185 1942 437 2011 praefecit.

368 2084 450 2130 33.
524 2078 758 2130 Jamvero
797 2086 939 2131 erunt
977 2096 1068 2147 ne,
1108 2095 1317 2148 quorum
1353 2082 1544 2133 animos
1576 2082 1807 2135 dubitatio
1846 2067 2034 2151 subeat,
2072 2090 2235 2136 utrum
2266 2085 2395 2138 haec
2431 2089 2529 2140 sint

182 2177 423 2240 propria,
459 2177 679 2235 eoez‘mia,
718 2178 768 2224 et
808 2180 1092 2241 comparate
1130 2173 1192 2224 ad
1227 2173 1449 2241 Petrum,
1491 2191 1602 2226 cum
1640 2177 1819 2243 potiori
1853 2176 2112 2244 regendae
2154 2168 2400 2233 ecclesiae
2438 2196 2523 2231 au-

186 2266 411 2317 ctoritate
448 2262 719 2316 conserta?
756 2280 855 2316 non
880 2273 1071 2333 putem:
1106 2273 1317 2332 propria
1341 2282 1555 2334 namque
1583 2283 1713 2335 esse,
1753 2269 2121 2321 evidentissima
2155 2271 2280 2321 ratio
2318 2270 2523 2323 demon-

186 2364 320 2412 strat.
394 2356 524 2409 Nihil
560 2358 691 2409 enim
729 2358 1001 2410 evidentius
1042 2374 1186 2426 quam
1212 2361 1408 2427 propria
1446 2375 1575 2427 esse,
1616 2376 1742 2427 quae
1782 2361 1843 2412 de
1881 2361 1975 2412 alio
2014 2363 2242 2429 quopiam
2278 2379 2519 2432 nusquam

186 2453 236 2503 in
272 2450 432 2511 bibliis
467 2450 723 2517 leguntur:
763 2467 890 2518 quae
927 2451 1107 2502 donum
1143 2453 1207 2502 ita
1245 2458 1381 2518 sunt,
1430 2458 1482 2502 ut
1518 2454 1618 2504 vim
1661 2469 1883 2521 quoque,
1924 2455 2266 2522 rationemque
2304 2456 2525 2510 referant

186 2543 419 2612 praemii,
472 2543 603 2609 quod
646 2558 736 2610 pro
789 2543 1027 2611 singulari
1078 2545 1253 2595 merito
1301 2545 1612 2612 rependitur:
1670 2561 1795 2612 quae
1842 2546 2042 2598 tandem
2080 2549 2359 2600 communia
2408 2565 2522 2601 esse

188 2650 288 2687 non
324 2641 543 2703 possunt.
619 2635 718 2688 Sed
756 2651 882 2702 quae
922 2636 980 2687 ad
1006 2635 1343 2688 Abrahamum
1382 2643 1430 2689 et
1452 2637 1650 2688 Petrum
1676 2640 1947 2705 spectantia
1971 2639 2243 2707 retulimuS,
2282 2657 2523 2708 nusquam

188 2728 250 2779 de
303 2727 398 2779 alio
444 2728 618 2795 quovis
668 2729 875 2795 repetita
926 2728 1165 2796 legimUS,
1213 2745 1377 2796 neque
1422 2731 1581 2797 magis
1623 2731 1864 2781 rati0nem
1911 2730 2026 2782 doni
2074 2731 2329 2800 exhibent,
2378 2750 2523 2800 quam

187 2826 410 2872 naturam
446 2819 646 2871 induant
683 2821 928 2872 mercedis
959 2820 1290 2888 singularibus
1327 2823 1579 2889 utriusque
1616 2822 1801 2873 meritis
1839 2823 2075 2892 tributae3
2124 2826 2188 2875 ita
2226 2840 2348 2876 vero
2387 2842 2521 2877 com-

187 2919 350 2982 parata
397 2919 532 2979 sunt,
579 2919 631 2963 ut
682 2913 1023 2965 communibus
1071 2914 1329 2965 accenseri
1374 2919 1638 2980 nequeant.
1716 2914 1850 2967 Sicut
1898 2917 2027 2966 enim
2066 2915 2174 2967 fieri
2209 2930 2310 2967 non
2345 2924 2521 2986 potest,

188 3013 239 3058 ut
275 3005 524 3057 Abraham
563 3005 867 3056 credentium
906 3008 1123 3057 omnium
1156 3013 1308 3072 pater
1343 3006 1606 3072 habeatur,
1654 3007 1770 3073 quin
1808 3006 2071 3058 credentes
2109 3014 2347 3075 quotquot
2384 3018 2525 3061 erunt

190 3114 391 3164 omneS‚
433 3097 539 3166 filii
582 3113 700 3165 prae
748 3099 853 3164 ipso
898 3100 1267 3167 existimentur,
1315 3101 1378 3150 ita
1414 3098 1522 3150 fieri
1554 3099 1749 3166 nequit,
1803 3105 1855 3149 ut
1889 3099 2060 3151 Pet-rus
2097 3101 2183 3168 sit,
2238 3101 2523 3170 dicaturque

190 3191 436 3244 ecclesiae
477 3197 630 3256 petra
675 3195 725 3240 et
759 3188 1189 3258 fundamentum,
1238 3192 1355 3259 quin
1402 3206 1578 3243 omnes
1623 3193 1705 3258 qui
1758 3191 1819 3242 ad
1856 3191 2120 3243 ecclesiam
2168 3201 2415 3262 spectant,
2466 3211 2524 3246 ac

188 3300 337 3353 porro
375 3282 693 3352 spectabunt,
741 3283 832 3349 ipsi
868 3282 1174 3350 incumbant,
1230 3290 1377 3351 atque
1417 3299 1482 3335 ex
1519 3286 1648 3351 ips0,
1704 3289 1951 3351 tamquam
1988 3283 2325 3350 dependentes
2360 3302 2424 3338 ex
2462 3302 2522 3337 eo

188 3383 382 3444 parteS,
420 3376 597 3442 robur,
637 3376 1059 3441 constantiamque
1096 3382 1389 3427 mutuentur.

370 3516 450 3563 34.
525 3511 739 3579 Operam
789 3526 909 3562 vero
958 3512 1007 3562 in
1051 3526 1107 3564 re
1144 3513 1342 3563 minime
1381 3513 1666 3564 necessaria
1703 3509 2029 3576 collocarem,
2075 3513 2116 3562 si
2155 3527 2280 3579 quae
2313 3519 2525 3578 propria

190 3617 305 3654 esse
345 3603 554 3669 ostendi,
594 3602 771 3655 eadem
809 3603 1003 3670 eximia,
1041 3605 1438 3671 praestantiaque
1466 3619 1579 3655 esse
1605 3602 1821 3670 pluribus
1860 3604 2252 3670 comprobarem.
2325 3604 2523 3655 Illorum

192 3696 323 3746 enim
371 3695 580 3763 dignitas
631 3701 681 3747 et
729 3695 1024 3748 excellentia
1070 3711 1131 3747 eo
1186 3696 1411 3763 splendet
1457 3696 1676 3764 fulgore,
1731 3696 1813 3762 qui
1859 3695 2030 3746 oculos
2077 3696 2363 3748 necessario
2410 3711 2523 3762 per-

192 3787 400 3854 stringit.
475 3787 638 3847 Quare
689 3789 839 3840 satius
889 3788 996 3840 fore
1046 3787 1283 3854 arbitror,
1330 3790 1371 3840 si
1418 3779 1478 3841 iis
1513 3804 1622 3840 rem
1660 3787 1946 3854 expediam,
1999 3804 2126 3854 quae
2175 3788 2290 3839 licet
2326 3787 2387 3839 de
2425 3803 2524 3838 uno

192 3877 474 3930 Abrahamo
514 3878 892 3946 chrysostomus
929 3882 1182 3947 scripserit
1204 3883 1271 3945 ⁵⁴,
1323 3882 1385 3933 ad
1418 3889 1678 3949 utrumque
1715 3885 1880 3931 tamen
1924 3896 1987 3930 ex
2024 3894 2183 3946 aequo
2216 3878 2522 3929 referuntur:

300 4078 377 4142 ⁵³)
412 4080 566 4127 Matth.
602 4081 721 4128 XVI.
762 4081 839 4127 17.
903 4107 906 4111 ·
1507 4081 1582 4143 ⁵⁴)
1615 4080 1665 4129 In
1703 4078 1862 4127 Genes.
1899 4081 2020 4127 hom.
2056 4079 2194 4128 XXII.
