2574 4276
1080 134 1320 190 CAPUT
1387 132 1485 188 IV>-
2351 127 2419 181 25

141 295 203 333 eo
245 279 440 332 tandem
488 278 756 346 argutando
804 277 937 329 illum
981 276 1265 344 devenisse,
1311 281 1366 327 ut
1413 275 1563 341 meri,
1608 272 1821 340 nudique
1860 270 2062 323 honoris
2093 270 2349 338 primatum
2374 272 2387 297 ¹
2400 271 2418 299 ⁴

139 372 281 423 Petro
319 370 556 421 detulerit.
631 369 771 430 Quod
807 383 951 436 quum
988 369 1221 436 flagitium
1257 369 1318 419 sit
1351 366 1680 431 manifestum,
1720 371 1769 416 et
1804 365 2001 415 minime
2038 361 2178 413 dubia
2218 375 2422 413 caussae

137 462 514 530 praevaricatiO,
561 462 716 527 ipsum
761 466 1016 526 praeterea
1050 458 1304 526 Dupinium
1341 473 1508 509 secum
1546 456 1821 522 committit,
1874 444 2084 520 eumque
2120 452 2299 520 prodit,
2343 451 2424 518 qui

138 554 399 622 pugnantia
437 559 485 603 et
522 548 787 604 οὶσύστατοι
824 550 1055 601 docuerit.
1125 549 1199 601 Ex
1223 549 1394 600 ordine
1430 550 1559 599 enim
1596 547 1783 598 docuit:
1818 546 1852 597 I.
1872 545 2064 613 propria
2090 550 2139 595 et
2162 543 2424 610 singularia

139 645 267 696 Petri
304 646 409 695 iura
447 644 799 709 Scripturarum
837 642 1052 708 inprimis
1087 640 1371 691 auctoritate
1405 654 1517 690 esse
1555 635 1862 690 stabilienda:
1907 635 1962 686 ΙΙ.
1997 635 2169 686 harum
2203 636 2423 686 testimo-

138 736 230 786 niis
266 749 365 786 non
401 735 544 785 alium
576 734 704 783 Petri
736 731 988 799 primatum
1023 730 1181 781 valide
1218 728 1434 793 ostendi,
1486 743 1628 795 quam
1675 742 1770 793 quo
1813 727 1996 793 primus
2043 726 2232 778 honore
2278 731 2423 792 atque

140 826 309 877 ordine
361 824 590 892 aequales
636 825 762 874 inter
808 820 1053 888 apostolos
1090 819 1321 871 extiterit:
1360 833 1419 868 ac
1455 818 1530 869 Ill.
1565 817 1627 868 ad
1664 817 1949 869 catholicam
1982 816 2127 868 fidem
2161 817 2422 883 pertinere,

139 923 192 968 ut
221 917 389 968 Petrus
422 917 627 983 primatu
663 914 804 979 iuriS,
841 912 1140 978 potiorisque
1174 910 1468 960 auctoritatis
1507 908 1666 960 divina
1707 908 2008 959 ordinatione
2042 910 2302 960 instructus
2336 906 2423 958 ha-

139 1007 324 1065 beatur.
395 1006 534 1066 Quod
578 1005 771 1056 tertium
786 1042 799 1069 ,
841 1007 1236 1068 postremumque
1284 1006 1424 1066 caput
1459 1015 1487 1050 a
1525 999 1766 1066 prioribus
1800 1001 1871 1051 sic
1907 999 2160 1065 abhorret,
2207 1005 2260 1050 ut
2307 1013 2424 1048 con-

139 1103 270 1148 stare
317 1095 407 1147 sibi
454 1094 578 1145 illius
623 1096 801 1146 veritas
848 1107 946 1143 non
991 1092 1171 1159 possit,
1224 1092 1339 1158 quin
1381 1092 1594 1159 priorum
1644 1091 1926 1143 alterutrum
1960 1089 2253 1156 repudietur.
2328 1088 2426 1142 Sed

138 1186 266 1237 bene
314 1184 487 1251 habet,
532 1200 695 1252 pugna
740 1185 891 1249 enim,
940 1181 1384 1248 sententiarumque
1426 1179 1697 1249 ἀντιλογία
1731 1196 1831 1232 non
1875 1186 2171 1248 postremam
2206 1180 2332 1230 inter
2366 1194 2426 1230 ea

139 1278 311 1329 indicia
346 1277 516 1328 sedem
551 1275 723 1341 habet,
762 1273 933 1340 quibus
971 1287 1111 1324 error
1146 1271 1490 1324 manifestatur.

315 1395 395 1440 32.
467 1388 659 1440 Interea
690 1386 868 1453 liquet,
919 1400 1079 1451 neque
1117 1383 1294 1436 frustra
1331 1385 1574 1437 delectum
1604 1384 1846 1455 praecipi,
1883 1382 2214 1450 solertemque
2249 1382 2425 1450 proba-

138 1482 321 1532 tionum
357 1479 734 1546 dispositionem,
775 1493 937 1544 neque
975 1491 1062 1528 eos
1091 1476 1260 1527 iniuria
1287 1477 1503 1545 coargui,
1542 1478 1623 1544 qui
1651 1475 1889 1528 eiusmodi
1914 1474 2155 1526 delectum
2189 1473 2426 1541 neglexe-

137 1574 256 1639 rint,
304 1577 574 1637 statamque
623 1569 984 1636 dispositionem
1029 1567 1367 1634 perturbarint.
1441 1569 1575 1629 Quae
1612 1569 1832 1636 quidem,
1880 1568 1922 1619 si
1967 1581 2028 1618 eo
2075 1581 2171 1634 quo
2221 1564 2428 1617 decebat

136 1663 275 1730 1000,
330 1661 657 1726 Febbronius,
719 1658 1081 1726 Tamburinius,
1143 1658 1529 1727 GuadagniniuS,
1590 1661 1719 1727 iique
1769 1674 1940 1711 omnes
1986 1657 2297 1724 habuissent,
2345 1658 2427 1724 qui

137 1754 400 1821 praeterito
446 1751 641 1803 labente
689 1750 913 1816 saecule,
965 1766 1022 1801 ac
1059 1765 1147 1817 e0,
1197 1751 1326 1818 quod
1360 1753 1456 1802 iam
1494 1747 1706 1803 medium
1740 1757 1839 1817 est,
1883 1750 2107 1815 ineunte,
2151 1765 2259 1801 rem
2299 1748 2426 1800 chri-

138 1845 341 1896 stianam
389 1844 513 1894 intra
559 1843 715 1908 ipsum
763 1840 1003 1893 ecclesiae
1050 1843 1207 1892 sinum
1256 1847 1650 1909 commoverunt,
1701 1856 1862 1909 neque
1898 1841 1960 1893 ad
1995 1841 2223 1893 eumdem
2271 1840 2424 1892 offen-

140 1935 322 1987 dissent
372 1933 609 2000 lapidem,
666 1933 714 1982 in
764 1947 910 1998 quem
960 1932 1191 2000 Dupinius
1246 1934 1477 2000 impegit,
1539 1948 1701 2000 neque
1755 1933 2012 1985 Zaccariae
2029 1973 2042 1999 ,
2103 1932 2423 2000 Muzzarellii,

246 2126 318 2188 ¹⁴)
368 2125 411 2173 A
444 2139 532 2187 quo
565 2140 620 2172 ne
655 2127 906 2172 acerbiores
952 2126 1128 2186 quidem
1169 2140 1242 2175 ca-

140 2215 331 2261 tholicae
364 2214 563 2260 veritatis
605 2214 756 2260 hostes
802 2214 1038 2261 admodum
1081 2215 1242 2262 abhor-

141 2308 249 2348 rent.
317 2303 430 2348 Hinc
463 2302 536 2347 illa
568 2301 787 2349 Francisci
822 2303 1082 2365 Turrettini,
1117 2303 1239 2350 Loco

145 2389 298 2436 XVIII.
334 2390 390 2435 de
422 2391 609 2449 primatu
641 2390 780 2452 Petri,
833 2406 875 2451 q.
910 2391 1047 2438 XVII.
1095 2391 1140 2453 3.
1174 2393 1238 2438 11:

146 2477 303 2539 „Circa
326 2482 487 2522 statum
513 2478 781 2537 quaestionis
816 2479 1119 2542 observamus,
1153 2494 1241 2527 non

145 2566 294 2625 quaeri
329 2565 384 2611 de
417 2567 606 2625 primatu
640 2579 928 2630 quocumque,
963 2569 1034 2614 vel
1068 2569 1243 2617 ordinis

143 2657 188 2698 et
218 2654 496 2712 vocationis,
542 2654 615 2699 vel
648 2656 837 2713 aetatis,
881 2656 952 2702 vel
986 2657 1240 2718 diqnitatis,

142 2746 186 2786 et
218 2741 451 2787 donorum.
527 2741 625 2787 Non
669 2756 881 2801 negamus
929 2746 1042 2790 enim
1082 2747 1244 2806 prima-

142 2833 232 2875 tum
278 2830 409 2874 istum
454 2829 580 2875 Petro
633 2843 767 2890 posse
818 2838 1095 2894 competere,
1146 2836 1242 2880 sive

143 2916 243 2975 quia
285 2918 448 2977 primus
495 2923 680 2963 vocatus
727 2924 820 2964 erat
864 2933 888 2965 a
935 2920 1138 2981 Christo,
1196 2927 1243 2967 ut

144 3004 278 3062 liquet
309 3019 366 3051 ex
398 3005 546 3051 Matth.
572 3005 646 3052 IV.
672 3005 748 3068 18,
785 3013 829 3052 et
861 3008 926 3052 sic
960 3009 1123 3055 ordine
1155 3010 1243 3068 pri-

147 3105 241 3137 mus
282 3098 399 3155 erat,
445 3099 492 3140 ut
532 3107 663 3154 saepe
707 3095 800 3141 fieri
843 3096 959 3141 solet
1006 3097 1119 3142 inter
1163 3110 1241 3143 eos

150 3179 223 3237 qui
255 3184 469 3239 potestate
502 3187 603 3228 sunt
635 3196 762 3242 pares
797 3183 853 3229 ad
882 3185 1104 3230 vitandam
1140 3198 1244 3230 con-

146 3266 387 3314 fusionem:
421 3283 508 3328 quo
535 3283 665 3316 sensu
694 3271 853 3317 dicitur
881 3274 1058 3332 primus
1089 3273 1239 3318 Matth.

145 3354 200 3400 X.
236 3353 293 3415 23
325 3355 418 3401 sive
450 3359 621 3405 ratione
656 3360 876 3405 donorum
911 3366 956 3406 et
990 3361 1238 3422 diqnitatis,

146 3442 370 3501 quomodo
413 3443 673 3492 Nicodemus
717 3453 906 3493 vocatur
950 3439 1107 3510 ἅρχων
1151 3444 1242 3496 τῶν

142 3522 394 3587 Ἰουδαίων,
438 3533 536 3581 Joh.
570 3533 643 3580 111.
683 3534 736 3597 1,
783 3549 872 3582 non
908 3536 1026 3595 quod
1059 3537 1241 3582 Judaeis

144 3619 400 3679 imperaret,
445 3621 525 3668 sed
563 3624 662 3682 quia
705 3638 863 3684 magna
899 3629 993 3670 erat
1027 3624 1089 3670 illi
1125 3625 1241 3684 apud

143 3707 336 3753 ,Iudaeos
389 3710 653 3775 auctoritas3
702 3713 767 3758 sic
819 3711 1029 3778 Gamaliel
1080 3712 1242 3758 dicitur

144 3792 288 3855 τίμιος
320 3794 456 3842 παντὶ
489 3791 558 3857 τῷ
589 3794 712 3862 λαῷ,
756 3799 856 3847 Act.
891 3801 947 3847 V.
983 3800 1061 3847 34.
1132 3799 1239 3847 Cum

146 3895 254 3940 ergo
288 3883 439 3929 Petrus
474 3884 601 3929 donis
637 3886 730 3933 aliis
772 3893 1037 3949 praestaret,
1082 3892 1127 3933 et
1159 3900 1239 3948 po-

145 3971 356 4018 tissimum
400 3973 476 4020 illo
522 3975 653 4020 animi
698 3975 894 4037 fervore,
942 3989 1028 4035 quo
1071 3977 1236 4035 primus

1323 2127 1379 2173 ad
1411 2127 1766 2189 respondendum
1800 2140 1882 2190 pro
1917 2128 2077 2175 ceteris
2106 2128 2424 2189 impellebatur,

1322 2229 1411 2262 non
1435 2216 1515 2261 abs
1538 2230 1586 2262 re
1607 2218 1794 2278 primum
1816 2217 1962 2264 locum
1982 2217 2246 2278 occupabat.
2302 2216 2427 2263 Unde

1321 2317 1410 2350 non
1446 2304 1583 2351 semel
1606 2318 1630 2350 a
1654 2305 1853 2365 patribus
1880 2307 2099 2368 princeps
2121 2305 2428 2367 apostolorum

1323 2392 1507 2454 dicitur,
1552 2393 1597 2439 id
1631 2399 1723 2454 est,
1769 2395 1936 2454 primus
1972 2398 2017 2440 et
2048 2395 2334 2455 praecipuus,
2381 2397 2428 2438 ut

1322 2481 1530 2542 princeps
1572 2487 1793 2528 oratorum
1839 2482 2019 2543 Cicero,
2064 2487 2291 2543 poetarum
2325 2480 2428 2527 vir-

1323 2570 1479 2631 gilius,
1527 2571 1600 2630 qui
1643 2575 1790 2616 tamen
1824 2570 1869 2616 in
1903 2575 2105 2617 oratores
2131 2575 2226 2632 *aut
2267 2574 2426 2631 poetas

1323 2659 1485 2704 nullum
1535 2658 1758 2705 habebant
1805 2659 2065 2721 imperium,
2126 2659 2206 2705 sed
2254 2659 2427 2704 ratione

1325 2747 1571 2805 dignitatis
1641 2747 1731 2793 Sed
1768 2749 1842 2806 agi
1886 2748 1942 2794 de
1984 2747 2171 2807 primatu
2215 2747 2426 2793 auctori-

1325 2836 1431 2881 tatis
1462 2839 1507 2880 et
1528 2836 1886 2882 iurisdictionis:
1920 2850 1974 2881 an
2009 2835 2132 2881 datus
2166 2835 2296 2881 fuerit
2327 2849 2429 2894 gra-

1324 2922 1405 2967 dus
1442 2922 1596 2982 aliquis
1643 2924 1918 2970 auctoritatis
1953 2928 1999 2969 et
2030 2923 2346 2969 iurisdictionis
2382 2923 2427 2969 iu

1323 3010 1452 3055 Petro
1493 3023 1624 3071 supra
1666 3018 1839 3058 ceteros
1885 3011 2139 3072 apostoIOS,
2185 3026 2265 3072 per
2299 3026 2426 3071 quem

1324 3098 1588 3143 constitutus
1613 3099 1744 3146 fuerit
1765 3099 1967 3160 pontifex
1991 3100 2326 3161 oecumenicus,
2362 3101 2428 3146 vi-

1325 3187 1470 3232 carius
1494 3186 1670 3247 Christi,
1707 3194 1752 3234 et
1785 3194 1918 3249 caput
1951 3188 2183 3249 ecclesiae,
2220 3203 2317 3234 cum
2351 3189 2428 3234 ab·-

1323 3275 1587 3322 solutissima
1622 3281 1858 3336 potestate,
1893 3281 1941 3321 ut
1974 3277 2136 3335 singuli
2170 3277 2345 3336 fideles,
2381 3282 2426 3323 et

1323 3343 1630 3423 apostoli'ipsi
1670 3378 1766 3410 cum
1802 3367 1962 3411 ceteris
1998 3371 2215 3424 tamquam
2259 3365 2425 3412 subditi

1324 3450 1519 3497 obnoxia
1570 3452 1712 3511 capita
1771 3454 1812 3498 ei
1867 3453 2124 3500 submittere
2179 3452 2422 3499 debuerint.

1324 3538 1452 3594 Quod
1486 3540 1755 3586 contendunt
1782 3541 2023 3600 pontificii:
2057 3539 2258 3586 Bellarm.
2293 3541 2370 3587 lib.
2387 3541 2422 3587 1.

1321 3626 1377 3671 de
1421 3627 1469 3671 R.
1517 3627 1562 3673 P.
1610 3640 1706 3687 cap.
1741 3628 1829 3673 X.:
1883 3624 2131 3685 Affirmant
2182 3629 2422 3688 catholici,

1320 3713 1499 3761 Petrum
1543 3716 1795 3776 apostolum
1836 3715 1982 3773 fuisse
2025 3717 2159 3762 totius
2199 3718 2423 3764 ecclesiae

1321 3809 1459 3863 caput
1491 3810 1534 3850 et
1567 3804 1849 3863 principem,
1896 3803 1996 3850 loco
2035 3804 2200 3851 Christi
2231 3805 2288 3851 ab
2321 3807 2420 3866 ipso

1323 3890 1495 3936 Christo
1540 3891 1801 3938 institutum.
1879 3891 2127 3940 Orthodoxi
2172 3898 2423 3943 constanter

1318 3976 1529 4040 negant-‘⁴
2054 3984 2059 3990 '
