2574 4276
186 143 254 192 36
324 214 327 215 f
1068 141 1285 192 mena
1356 139 1635 193 PRIMUS

189 289 395 349 possunt
431 282 511 333 vel
548 298 784 332 seorsum
822 287 871 331 et
906 277 1234 347 sinqulatim,
1286 279 1367 329 vel
1401 278 1562 331 simul
1595 286 1740 346 atque
1778 287 2101 337 coniunctim.
2177 286 2227 340 Si
2268 286 2384 338 illud
2419 287 2515 354 fiat,

190 380 262 426 tot
295 375 357 426 de
395 389 571 426 caussa
610 374 822 425 existent
857 370 1034 421 iudicia
1084 369 1307 420 distincta
1357 377 1406 421 et
1453 372 1732 438 interiecta,
1792 373 1939 424 modo
1981 376 2278 443 probabilia,
2328 377 2475 428 modo
2498 379 2515 404 ⁹

187 465 545 533 probabiliora,
584 479 748 529 neque
785 460 943 513 semel
978 466 1083 510 rata
1126 461 1272 512 etiam
1311 468 1359 512 et
1394 461 1517 529 fixa,
1557 470 1675 530 quot
1711 471 1824 516 sunt
1861 481 1988 532 quae
2025 484 2116 535 per
2149 475 2315 536 partes
2354 475 2404 519 et
2440 483 2517 520 ar-

188 558 422 609 ticulatim
470 555 824 624 expenduntur.
899 551 985 604 Sin
1039 568 1159 603 vero
1220 553 1427 604 alterum
1486 556 1773 623 contigerit,
1827 556 2084 625 iudicium,
2137 561 2268 627 quod
2317 560 2517 623 feretur,

189 650 386 700 unicum
424 650 517 700 erit
554 654 602 698 et
638 645 917 713 singulare,
968 643 1189 695 ultimum
1228 653 1277 697 et
1315 646 1682 715 decretorium,
1715 654 1881 716 utpote
1921 664 2092 700 eorum
2129 666 2318 703 summa
2355 653 2519 703 deter-

189 743 421 793 minatum
469 746 613 806 atque
661 752 977 804 expressum,
1028 753 1154 803 quae
1204 738 1265 789 ad
1314 742 1527 790 animum
1567 741 1616 791 in
1664 740 1947 791 alterutram
1996 747 2187 807 partem
2224 744 2519 797 flectendum

191 833 404 885 conferri
453 837 679 898 poterant
730 836 875 896 atque
924 829 1184 903 debebant.
1260 831 1397 891 Quae
1437 848 1585 899 quum
1618 834 1682 884 ita
1720 834 1838 899 sint,
1887 832 2043 899 probe
2081 835 2328 887 cernimus
2341 875 2360 902 ,.
2399 835 2519 888 ulti-

187 911 325 975 murn
372 924 434 975 de
483 942 679 975 caussa
716 923 963 974 iudicium
999 937 1100 973 non
1137 922 1277 974 aliter
1315 924 1377 975 ad
1414 924 1607 991 singula
1654 942 1747 990 per
1795 943 1853 976 se
1889 946 1950 977 ac
1986 933 2174 993 suapte
2210 933 2406 978 natura
2438 942 2519 978 re-

188 1015 304 1066 ferri
333 1018 396 1082 ¹⁰,
429 1031 575 1083 quam
613 1016 675 1068 ad
711 1015 1065 1067 antecedentes
1103 1015 1476 1083 dispositiones,
1516 1033 1643 1084 quae
1677 1019 1863 1069 sensim
1899 1025 1948 1070 et
1976 1035 2066 1086 per
2104 1019 2287 1087 gradus
2322 1019 2387 1070 ita
2418 1020 2519 1071 ani-

186 1123 319 1158 mum
353 1116 617 1177 occupant,
668 1116 720 1160 ut
759 1110 887 1160 viam
928 1108 989 1159 ad
1020 1107 1137 1159 illud
1173 1109 1446 1160 insternant
1482 1116 1628 1176 atque
1662 1111 1986 1177 complanent.
2060 1112 2153 1163 Per
2190 1129 2245 1164 se
2284 1113 2414 1163 enim
2453 1112 2524 1163 ad

184 1217 441 1252 summram
488 1202 727 1270 refertur,
777 1209 827 1255 et
868 1217 979 1253 cum
1028 1201 1319 1252 indiciorum
1369 1216 1559 1254 summa
1604 1204 1669 1254 ita
1713 1205 1924 1255 nectitur
1971 1210 2118 1271 atque
2166 1204 2422 1272 cohaeret,
2470 1211 2521 1256 ut

186 1299 357 1365 contra
394 1295 598 1348 rationis
633 1296 990 1364 praescriptum
1029 1293 1192 1361 aliter,
1232 1308 1377 1360 quam
1417 1301 1698 1361 comparate
1729 1295 1791 1347 ad
1826 1310 2066 1349 summam
2103 1278 2467 1363 pronuncietur.

366 1423 411 1469 6.
484 1418 711 1470 Profecto
769 1433 917 1469 nemo
977 1433 1078 1469 non
1130 1417 1289 1484 dabit,
1356 1431 1672 1484 supremum,
1744 1415 2065 1484 ultimumque
2123 1417 2352 1469 iudicium
2406 1433 2518 1469 cum

185 1507 365 1560 effectu
395 1512 434 1535 ¹¹
491 1517 601 1578 apte
652 1513 909 1578 componi,
967 1511 1050 1578 qui
1096 1527 1123 1561 e
1169 1509 1417 1577 pluribus,
1470 1509 1630 1575 iisque
1666 1508 2065 1576 particularibus,
2100 1510 2519 1578 >coordinatisque

185 1603 371 1653 caussis
422 1605 648 1670 emergit.
725 1604 858 1657 Sicut
906 1617 1031 1672 ergo
1069 1602 1209 1654 huius
1249 1600 1454 1653 effectus
1493 1595 1758 1665 quantitas
1794 1615 1958 1668 neque
1998 1603 2306 1671 aestimatur,
2353 1592 2517 1670 neque
2547 1613 2549 1615 ’

183 1709 212 1744 e
248 1695 425 1745 virtute
464 1695 680 1746 ultimato
720 1682 960 1763 definitur,
1000 1711 1126 1762 quae
1163 1693 1370 1761 singulis
1409 1707 1634 1744 seorsum
1673 1694 1859 1745 caussis
1895 1695 2050 1746 inest:
2090 1694 2181 1746 sed
2217 1674 2515 1761 aestimatur,

181 1791 328 1852 atque
377 1803 441 1839 ex
491 1803 553 1839 ea
594 1779 772 1839 virtute
808 1788 1027 1840 ultimato
1067 1787 1317 1851 definitur,
1368 1800 1494 1852 quae
1544 1802 1572 1836 e
1611 1802 1827 1852 summa,
1879 1801 2265 1854 caussarumque
2302 1787 2518 1851 omnium

289 1981 333 2044 ⁹)
369 1983 433 2028 Ne
469 1985 542 2043 qui
576 1984 742 2031 indicia
779 1989 1011 2045 spernant,
1056 1998 1170 2043 quae
1205 1995 1310 2043 pro-

184 2070 409 2117 babilibus
447 2079 522 2119 aut
555 2074 939 2134 probabilioribus
975 2070 1151 2120 iudiciis
1180 2086 1308 2131 caus—

182 2174 279 2205 sam
313 2162 556 2224 praebent,
605 2164 650 2208 in
686 2165 949 2209 memoriam
992 2162 1306 2209 revocabimus

182 2251 465 2308 partitionem
501 2266 638 2312 penes
675 2266 830 2298 omnes
867 2254 974 2298 iuris
1009 2254 1181 2313 peritos
1210 2253 1312 2304 vul-

183 2340 482 2403 gatissimam,
522 2357 606 2402 qua
641 2343 934 2402 probationes
970 2343 1228 2402 dispescunt
1261 2344 1304 2387 in

167 2428 372 2489 plenas,
411 2445 524 2490 quae
558 2425 799 2491 perfectam
836 2433 966 2478 fidem
1003 2432 1155 2478 iudicii
1181 2432 1235 2477 de
1259 2446 1306 2476 re

185 2518 332 2579 aliqua
380 2521 571 2585 faciunt:
627 2527 673 2566 et
713 2522 1013 2582 semiplenas,
1068 2535 1181 2581 quae
1216 2534 1306 2574 non

183 2609 426 2667 perfectam
473 2611 630 2673 fidem,
679 2612 761 2657 sed
810 2613 1067 2671 opinionem
1114 2612 1305 2670 aliquam

165 2698 374 2756 pariunt.
436 2700 485 2745 Si
522 2701 810 2760 imprudentis
846 2702 975 2762 foret,
1012 2700 1305 2760 probationes

182 2787 450 2847 semiplenas
502 2792 676 2848 penitus
730 2791 988 2853 negligere,
1042 2790 1304 2849 prudentiae

181 2888 290 2931 sane
336 2877 531 2923 adscribi
575 2891 728 2923 eorum
775 2884 1057 2938 contemptus
1101 2892 1191 2924 non
1226 2891 1307 2938 po-

187 2966 318 3026 terit,
372 2981 485 3025 quae
537 2981 801 3026 quamquam
854 2969 1165 3013 certitudinem
1217 2981 1306 3013 non

184 3052 384 3114 afferant,
421 3055 582 3101 lumine
618 3045 764 3101 tamen
798 3058 945 3117 aliquo
971 3052 1304 3116 probabilitatis

181 3143 416 3201 refulgent.

180 3230 365 3294 debent,
410 3248 523 3292 quae
560 3235 668 3280 iuris
705 3235 916 3281 doctores
964 3237 1306 3295 impertinentia

179 3328 457 3383 nuncupant,
507 3338 706 3383 quaeque
748 3334 944 3384 nec'per
979 3338 1054 3385 se,
1103 3338 1183 3369 nec
1218 3339 1303 3369 una

181 3423 279 3456 cum
334 3413 432 3457 aliis
485 3413 763 3458 adminiculis
818 3413 874 3458 ad
926 3426 1112 3458 caussae
1172 3413 1303 3458 fidem

181 3500 427 3548 conferunt.

292 3633 362 3695 ¹⁰)
422 3635 501 3679 His
553 3635 783 3694 particulis
841 3633 1303 3680 circumscribentibus

151 3748 154 3751 <
180 3728 421 3783 propterea
457 3729 583 3786 utor,
633 3724 751 3783 quod
799 3724 1002 3769 accidere
1043 3724 1211 3782 possit,
1259 3729 1306 3770 ut

180 3826 311 3857 unum
371 3812 616 3857 alterumve
668 3815 858 3859 seorsim
909 3813 1155 3871 inspectum
1212 3813 1302 3857 tale

159 3902 265 3959 -sit,
322 3900 442 3959 quod
492 3901 547 3946 ad
595 3906 761 3946 certum
814 3894 1043 3948 ferendum
1093 3901 1302 3947 iudicium

183 3989 399 4034 sufficiat,'
986 3971 989 3974 ⁵
1143 3973 1148 3977 Δ

292 4121 361 4182 ¹¹)
413 4120 675 4167 Addiderim
732 4134 821 4168 non
875 4122 1017 4168 minus
1068 4122 1303 4168 commode

505 3145 718 3190 Nimirum
771 3160 823 3190 ea
879 3146 1023 3191 solum
1082 3147 1344 3191 facessere.

1394 1996 1491 2027 cum
1528 1981 1695 2028 iudicio
1734 1983 1928 2029 conferri
1962 1984 2121 2045 posse,
2166 1983 2285 2044 quod
2318 1983 2517 2044 pluribus

1394 2072 1558 2117 auditis
1586 2072 1790 2134 testibus,
1828 2075 1973 2133 iisque
2004 2073 2386 2119 consentientibus
2411 2085 2517 2132 pro-

1394 2162 1637 2206 nunciatur.
1707 2162 1880 2208 Etenim
1918 2177 2048 2222 quum
2086 2148 2235 2224 unum,
2273 2162 2516 2208 alterumve

1392 2251 1516 2296 audis
1556 2257 1729 2313 testem,
1768 2233 1942 2313 maiori,
1982 2253 2199 2299 minorive
2228 2252 2389 2298 mentis
2413 2264 2517 2311 pro-

1390 2342 1606 2399 pensione
1653 2342 1882 2403 opinaris3
1929 2347 1974 2386 at
2009 2356 2139 2401 quum
2174 2342 2321 2402 plures
2358 2324 2514 2401 simul,

1392 2443 1559 2489 eosque
1583 2431 1904 2489 conspirantes
1953 2431 2203 2492 audiveris,
2256 2445 2398 2490 neque
2446 2443 2516 2474 as—

1390 2521 1645 2564 sensionem
1694 2521 1951 2580 continere,
2000 2534 2141 2579 neque
2186 2532 2348 2579 anceps
2385 2524 2515 2578 atque

1386 2595 1550 2653 ⁴dubius
1588 2608 1772 2654 haerere
1808 2614 1953 2668 potes.
2024 2607 2124 2654 Alia
2160 2614 2230 2653 est
2262 2610 2386 2666 ergo
2409 2619 2515 2651 con—

1391 2699 1553 2745 stantia
1591 2698 1768 2758 iudicii,
1805 2698 1875 2742 cui
1901 2698 2139 2742 consensio
2175 2697 2352 2742 testium
2386 2709 2515 2755 prae—

1391 2786 1560 2846 fulget,
1603 2792 1741 2845 'atque
1788 2787 1873 2831 alia
1922 2799 2092 2832 eorum¹
2127 2785 2390 2830 iudiciorum
2439 2784 2513 2828 fir-

1391 2877 1546 2936 mitaS,
1594 2888 1706 2934 quae
1741 2888 1858 2935 uno,
1909 2875 2109 2920 alterove
2143 2874 2364 2919 referente
2399 2878 2512 2918 teste

1391 2964 1710 3023 concipiuntur.
1790 2963 1881 3009 Sed
1926 2970 2038 3021 qu'ae
2079 2962 2207 3006 huius
2244 2961 2512 3006 discriminis

1392 3054 1612 3111 assignari
1672 3053 1806 3110 origo
1859 3042 2053 3111 potest?
2115 3051 2216 3096 inde
2272 3064 2328 3095 ne
2385 3064 2514 3109 repe-

1391 3143 1569 3189 tendum
1622 3147 1724 3202 est,
1791 3141 1910 3200 quod
1961 3140 2213 3200 probabilia
2266 3123 2512 3199 probabili-

1390 3233 1473 3278 bus
1519 3231 1738 3277 cumulata
1783 3218 2090 3275 certitudinem
2133 3212 2359 3288 pariant?
2394 3227 2510 3273 haud

1391 3322 1673 3368 crediderim.
1744 3319 1851 3365 Inde
1885 3331 1997 3377 ergo
2034 3318 2351 3364 desumendum
2384 3318 2512 3363 vide-

1391 3418 1488 3473 tur,
1547 3410 1665 3471 quod
1715 3407 2012 3469 probabilium
2066 3408 2399 3466 conspiratione
2443 3407 2509 3452 in-

1389 3488 1618 3561 notescat,
1649 3510 1757 3566 *non
1803 3497 2006 3568 potuisse
2042 3511 2092 3542 ea
2130 3497 2283 3559 simul,
2322 3509 2511 3542 acerva—

1389 3591 1558 3650 timque
1610 3587 1864 3648 confluere,
1935 3587 2022 3632 nisi
2079 3587 2249 3632 veritas
2302 3584 2508 3630 relationi

1389 3679 1608 3725 subesset.
1701 3675 1887 3734 Singula
1948 3677 2064 3721 enim
2115 3672 2365 3735 probabilia
2419 3686 2507 3719 non

1389 3769 1504 3814 male
1549 3755 1781 3812 censentur
1827 3764 2014 3809 totidem
2063 3765 2200 3810 veluti
2253 3755 2509 3826 διακριτικὰ

1387 3859 1543 3919 signa,
1596 3866 1783 3918 quorum
1829 3853 2015 3912 singulis
2064 3868 2116 3899 ea
2164 3853 2232 3899 vis
2277 3851 2408 3912 insit,
2461 3856 2509 3896 ut
2565 3878 2568 3882 ›

1387 3959 1482 3991 rem
1518 3924 1835 4004 quadamtenus
1874 3943 2096 4005 aperiant,
2144 3955 2257 4002 quae
2292 3940 2425 4000 pleno
2462 3941 2506 3985 in

1386 4034 1549 4079 lumine
1583 4032 1763 4078 nonnisi
1795 4032 1990 4078 omnium
2025 4045 2194 4079 summa
2233 4035 2278 4076 et
2312 4029 2508 4089 comple-

1387 4124 1522 4169 xione
1558 4121 1816 4169 collocetur.
