2574 4276
186 108 255 158 26
1060 105 1616 162 PROLEGOMENA

184 247 452 316 Bolgenii,
492 248 692 302 Gerdilii
726 250 880 302 iustos
927 255 1098 302 contra
1143 264 1200 301 se
1237 248 1480 300 clamores
1521 250 1846 319 excitassent,
1905 268 2114 321 eamque
2161 254 2372 305 nominis
2419 254 2491 305 in-

183 338 379 392 famiam
420 341 515 393 sibi
562 343 940 407 conscivissent,
990 356 1085 407 qua
1133 353 1247 406 spes
1297 339 1428 391 nulla
1477 339 1680 409 affulget
1727 341 1835 394 fore
1887 349 1940 394 ut
1984 344 2183 412 tandem
2234 345 2492 412 aliquando

182 437 467 499 purgentur.
2247 418 2250 421 Δ

1062 779 1449 858 CAPUT
1540 781 1607 857 V.

713 937 904 993 Modus
928 959 992 994 ac
1021 949 1156 996 ratio
1178 948 1613 1009 interpretationis
1638 942 1911 1011 definitur.-
1946 975 2014 982 —
2048 941 2244 1010 aliquot
2269 926 2496 996 eiusdem
2551 938 2553 941 ’

536 1049 757 1083 canones
808 1042 1163 1115 proponuntur
1215 1042 1265 1087 et
1311 1034 1669 1088 illustrantur.
1720 1067 1788 1074 —
1850 1054 1913 1087 ac
1965 1034 2052 1087 ille
2099 1041 2356 1102 inprimiS,
2410 1041 2498 1102 qui

539 1130 779 1177 tea-tuum
815 1124 1103 1197 ὁμοφωνίᾳ
1139 1134 1187 1179 et
1223 1125 1455 1197 άρμονιᾳ
1489 1134 1788 1180 continetur.

356 1350 436 1396 33.
487 1292 623 1396 Non
659 1345 919 1398 admodum
957 1347 1019 1398 ad
1046 1363 1251 1400 caussae
1278 1349 1628 1416 cognitionem,
1668 1348 1996 1416 iudiciumque
2031 1347 2281 1400 conferret
2316 1348 2494 1399 instru-

178 1444 341 1490 menta
379 1440 603 1504 novisse,
659 1454 687 1490 e
725 1438 898 1506 quibus
933 1442 1091 1507 repeti
1125 1447 1387 1508 utrumque
1425 1440 1596 1508 dehet,
1644 1442 1892 1491 sieorum
1931 1455 2058 1507 quae
2096 1441 2158 1492 sit
2193 1441 2387 1492 sincera
2422 1442 2494 1492 in-

172 1532 457 1599 terpretatio
494 1516 820 1598 ignoraretur,
858 1532 941 1583 vel
978 1532 1109 1600 quod
1146 1515 1361 1585 deterius
1398 1533 1550 1600 longe
1575 1531 1716 1596 foret,
1756 1547 1817 1589 ea
1852 1539 2172 1600 praepostere
2209 1547 2494 1602 corrumpe-

174 1630 324 1676 retur.
398 1623 559 1683 Quare
606 1624 865 1698 recensitis
908 1625 1227 1691 testimoniiS,
1275 1641 1402 1693 quae
1444 1631 1545 1676 tam
1588 1622 1897 1675 defendenda
1943 1631 2055 1675 sunt
2091 1606 2237 1699 quam
2283 1620 2494 1692 moenia,

176 1721 528 1782 compertoque
559 1715 758 1786 ordine,
806 1730 902 1782 quo
939 1731 996 1767 se
1034 1722 1201 1767 mutuo
1240 1718 1513 1785 excipiunt,
1548 1715 1666 1767 nihil
1703 1731 1816 1768 esse
1852 1715 2091 1784 theologo
2129 1718 2371 1784 antiquius
2410 1717 2495 1768 de-

174 1807 282 1874 bet,
338 1823 483 1881 quam
536 1807 598 1858 de
644 1807 792 1859 modo
838 1807 1087 1876 legitimae
1138 1810 1454 1883 expositionis
1508 1810 1784 1876 inquirere,
1851 1808 2150 1876 regulasque
2209 1808 2494 1876 praesmire,

176 1915 379 1967 quarum
418 1900 631 1951 directus
668 1915 762 1967 ope
798 1916 862 1952 ne
897 1901 1133 1952 tantillum
1168 1902 1366 1968 quidem
1404 1901 1465 1952 ab
1504 1917 1564 1953 ea
1602 1901 1771 1970 devius
1809 1901 2019 1953 aberret.
2091 1900 2164 1952 Eo
2201 1900 2282 1952 vel
2318 1903 2494 1970 magiS,

177 1992 322 2059 quod,
356 1999 408 2043 ut
444 1994 703 2045 verissime
740 1992 974 2046 Arndtius
1016 1997 1024 2020 ¹
1069 2000 1264 2046 monet:
1304 2010 1400 2061 „ea
1434 1995 1531 2045 iam
1569 1999 1645 2044 est
1679 2007 1929 2044 sacrarum
1954 1992 2224 2044 litterarum
2262 1993 2492 2061 conditi0,

175 2092 234 2136 ut
272 2101 335 2137 ne
384 2088 525 2138 unius
574 2086 771 2152 quidem
818 2085 924 2137 fere
973 2086 1202 2138 versiculi
1249 2087 1583 2154 interpretatio
1632 2084 1829 2152 probari
1875 2085 2052 2151 possit,
2099 2085 2193 2136 nisi
2241 2087 2495 2139 conciliata

173 2179 306 2246 prius
343 2177 489 2230 fuerit
526 2180 696 2247 supina
733 2178 813 2230 illa
851 2185 899 2230 et
934 2178 1185 2231 fastidiosa
1220 2173 1498 2245 iudicatriX,
1552 2193 1676 2246 quae
1727 2177 1924 2228 criticae
1962 2174 2257 2230 sublimioris
2294 2183 2494 2232 nomine

177 2270 460 2326 cathedram
495 2286 688 2322 sacram
725 2270 927 2337 insedit,
973 2272 1159 2338 suaque
1197 2270 1372 2338 placita
1421 2273 1634 2334 (somnia
1669 2271 1828 2338 potius
1864 2260 2070 2333 dixeris)
2104 2284 2194 2336 pro
2231 2270 2387 2324 effatis
2425 2273 2496 2325 di-

175 2365 301 2414 vinis
338 2363 518 2415 vendit.
526 2364 556 2390 ‘⁴
628 2363 812 2414 Verum
849 2364 890 2414 si
928 2363 1134 2415 candide
1173 2364 1381 2431 agimus,
1424 2363 1682 2430 studioque
1719 2361 1926 2428 partium
1963 2362 2194 2430 seposito,
2232 2357 2373 2415 unius
2410 2382 2496 2417 ve-

177 2457 331 2508 ritatis
370 2471 540 2507 amore
573 2462 823 2522 tenemur,
871 2463 1097 2507 neutrum
1133 2455 1275 2507 nobis
1313 2455 1391 2507 vel
1429 2454 1633 2506 arduum
1669 2454 1782 2520 erit,
1832 2453 1913 2503 vel
1949 2454 2189 2506 eiusmodi
2226 2457 2357 2522 quod
2392 2458 2496 2524 plu-

173 2549 307 2601 ribus
344 2548 575 2617 indigeat
649 2549 824 2617 Liquet
860 2549 991 2599 enim
1028 2563 1192 2614 neque
1236 2548 1382 2599 alium
1426 2546 1775 2613 interpretandi
1813 2546 2011 2598 modum
2047 2548 2201 2614 recipi
2242 2555 2488 2617 oportere,

177 2659 322 2710 quam
369 2643 450 2708 qui
475 2640 555 2692 ad
596 2647 782 2707 certas,
831 2645 1061 2707 ratasque
1110 2639 1253 2707 leges
1298 2639 1444 2691 fuerit
1494 2653 1786 2706 expressuS,
1835 2654 1997 2706 neque
2035 2639 2153 2690 alias
2190 2638 2489 2692 adhibendas

178 2750 292 2787 esse
324 2734 493 2802 leges,
533 2725 839 2800 quam'quae
877 2731 939 2783 ad
978 2732 1275 2784 enarrandas
1310 2734 1404 2784 rite
1442 2731 1714 2798 Scripturas
1751 2734 1768 2757 ²
1808 2733 2022 2782 unanimi
2059 2718 2356 2782 eruditorum
2394 2733 2492 2784 suf-

175 2827 335 2895 fragio
375 2826 790 2878 commendantur.
864 2825 994 2885 Quas
1034 2839 1131 2893 ego
1171 2840 1318 2892 quum
1355 2824 1554 2892 possim,
1590 2839 1649 2874 ac
1685 2823 1791 2874 iure
1814 2825 1959 2876 etiam
1985 2824 2193 2876 debeam
2226 2824 2492 2876 lectoribus

177 2921 299 2972 meis
349 2924 653 2985 compertas,
699 2917 1075 2985 exploratasque
1122 2932 1358 2986 censere3
1404 2922 1665 2984 propterea
1717 2931 1885 2967 earum
1934 2916 2092 2967 solum
2140 2915 2321 2982 aliquot
2358 2932 2493 2967 com-

177 3011 356 3080 pendio
394 3010 636 3077 referam,
674 3025 878 3076 quarum
913 3025 1031 3062 usus
1069 3009 1373 3077 frequentior
1410 3010 1641 3076 deinceps
1681 3010 1798 3072 erit,
1835 3024 1893 3060 ac
1930 3009 2260 3076 opportunitas
2295 3010 2464 3060 maior.

357 3141 442 3190 34:
509 3140 677 3205 Itaque
714 3137 795 3188 illa
829 3138 1037 3204 primum
1073 3139 1340 3191 recolenda
1376 3145 1491 3206 est,
1523 3154 1617 3206 qua
1658 3143 1859 3188 cavetur
1903 3151 2000 3203 „ne
2036 3137 2086 3187 in
2122 3136 2492 3188 determinanda

176 3232 451 3299 phrasium,
507 3244 784 3297 vocumque
821 3229 1199 3297 significatione,
1246 3231 1307 3283 ab
1345 3247 1404 3283 ea
1441 3232 1628 3283 animus
1664 3234 1920 3293 avocetur,
1971 3243 2116 3294 quam
2153 3235 2382 3295 receptus
2419 3229 2490 3280 lo-

178 3323 359 3391 quendi
395 3338 513 3375 usus
548 3325 565 3349 ³
605 3328 990 3389 praemonstrat,
1041 3321 1358 3391 subiectaque
1396 3323 1603 3375 orationi
1639 3322 1867 3385 materies
1895 3305 2138 3388 ‘efflagitat
2171 3324 2209 3386 ⁴,
2259 3319 2337 3372 vel
2372 3337 2491 3388 prae

288 3501 330 3562 ¹)
380 3503 444 3548 De
493 3503 624 3562 loco,
677 3501 750 3562 qui
786 3506 910 3547 extat
944 3502 1062 3560 apud
1094 3502 1290 3548 Jesaiam
1374 3516 1464 3549 non
1513 3502 1626 3548 male
1671 3501 1726 3547 ab
1772 3500 1885 3547 Jahn
1937 3499 2208 3546 declaratum
2260 3500 2397 3546 hahes
2444 3500 2489 3545 in

180 3603 276 3650 cap.
294 3590 692 3638 xxlv-xxvnl
713 3591 996 3637 vindicando.
1032 3590 1289 3650 Hamburgi.
1374 3592 1599 3639 Enchirid.
1636 3590 1680 3651 §.
1705 3589 1811 3650 VII,
1848 3589 1921 3648 qui
1958 3594 2103 3634 tamen
2144 3590 2281 3635 nobis·
2305 3586 2490 3634 ‘minime

184 3679 327 3725 1826.
1374 3682 1586 3742 probatur
1640 3693 1771 3743 quum
1825 3677 1990 3723 docet:
2061 3679 2230 3740 „Usum
2279 3677 2489 3736 loquendi

284 3787 330 3850 2)
365 3787 431 3835 De
462 3788 532 3833 his
566 3789 742 3848 legibus
777 3769 932 3836 confes
964 3794 1169 3835 accurate
1204 3790 1293 3836 dis,
1376 3784 1476 3816 esse
1525 3769 1714 3830 primum
1766 3771 1810 3812 et
1860 3780 2077 3813 summum
2134 3766 2487 3813 hermeneuticae

179 3882 399 3925 serentem
449 3877 730 3924 Franciscum
762 3856 1001 3925 Xaverium
1042 3878 1290 3940 Patritium⁷
1375 3859 1663 3919 principium,
1701 3869 1724 3900 ³
1751 3868 1838 3914 ‘1¹¹⁰
1873 3868 2028 3902 omnes
2063 3855 2243 3914 regfflae
2274 3855 2488 3914 interpre-

177 3968 243 4015 De
277 3967 505 4026 interpret.
542 3966 725 4027 Scriptt.
763 3982 876 4013 sacr.
910 3967 1047 4013 lih.1.
1376 3948 1498 3994 tandi
1533 3941 1776 4007 pendent-‘⁶

283 4077 331 4139 3)
373 4077 535 4134 Quanti
569 4078 772 4124 facienda
812 4079 873 4125 sit
904 4080 1026 4126 ratio
1062 4078 1291 4140 loquendi,
1481 4079 1527 4142 ⁴)
1562 4077 1700 4138 Jahn,
1736 4075 1961 4123 Enchirid.
1998 4073 2042 4137 §-
2072 4073 2167 4121 XX.
