2574 4276
1031 186 1276 241 CAPUT
1344 189 1440 240 xl.
2280 195 2386 243 54³

76 324 238 375 ditiem
273 320 494 387 afferunt,
532 326 586 372 in
609 320 750 373 vobis
774 330 1072 387 manserint,
1111 327 1460 392 quodcumque
1493 326 1758 379 volueritis
1790 334 1986 394 petetis,
2023 335 2073 379 et
2096 327 2195 395 fiet
2222 329 2381 395 vobis,

80 419 340 479 vestraque
379 419 518 478 vota,
554 419 720 479 utpote
758 429 785 464 a
820 415 1067 467 voluntate
1107 418 1286 469 munda
1321 418 1562 484 profecta,
1601 419 1941 486 implebuntur.

251 503 435 563 Quibus
475 502 682 555 efficitur
715 504 862 555 talem
898 505 1107 557 futuram
1144 523 1255 558 cum
1292 508 1483 560 Christo
1515 508 1728 561 fidelium
1766 512 2186 578 coniunctionem,
2236 518 2381 578 atque

74 609 138 644 ex
173 594 516 645 coniunctione
553 595 774 645 obortam
810 596 1057 661 unitatem,
1097 598 1253 663 qualis
1283 600 1559 651 coniunctio
1594 600 1842 667 palmitum
1879 616 1989 651 cum
2024 603 2137 667 vite,
2184 607 2233 652 et
2267 602 2382 653 inde

73 683 293 749 profecta
327 687 484 735 unitas
527 691 772 737 censetur.
842 685 918 737 Ne
948 702 1068 738 vero
1106 688 1328 754 palmites
1365 697 1604 757 arescant,
1644 708 1703 743 ac
1736 692 1918 743 influxu
1957 693 2080 758 vitis,
2116 692 2382 744 fructuum-

30 836 34 839 *
73 789 169 840 que
204 775 428 826 ubertate
466 777 731 842 priventur,
769 791 981 828 necesse
1019 784 1095 829 est
1129 785 1182 829 ut
1214 779 1382 831 intime
1421 796 1530 832 cum
1570 784 1674 848 ipsa
1701 783 1798 834 vite
1822 785 2067 834 coniuncti
2089 801 2191 835 non
2208 783 2378 850 plura,

73 865 379 930 diversaque
411 883 646 931 corpora,
695 867 789 918 sed
820 885 980 918 unum
1017 867 1242 934 illudque
1277 878 1574 922 continuum
1612 889 1796 938 corpus
1833 875 2136 926 constituant.
2209 875 2380 927 Consi-

71 956 187 1006 lium
222 957 371 1022 igitur
407 956 581 1009 Christi
617 955 927 1024 postulat,'ut
962 975 1021 1010 ea
1056 961 1118 1011 sit
1152 960 1366 1013 fidelium
1404 978 1513 1014 cum
1551 965 1658 1030 ipso
1693 966 1984 1031 coniunctio,
2023 983 2051 1017 e
2089 982 2183 1033 qua
2220 984 2377 1018 unum

75 1048 251 1099 existat
284 1054 577 1099 continuum
610 1067 818 1115 corpus,
880 1049 1011 1116 quod
1058 1066 1122 1102 ex
1154 1051 1248 1102 illis
1282 1071 1376 1103 eeu
1409 1053 1707 1116 palmitibus
1744 1074 1807 1106 ac
1842 1054 2104 1119 membris,
2164 1063 2310 1123 atque
2347 1073 2377 1109 e

74 1137 262 1190 Christo
307 1139 414 1204 ipso
463 1157 555 1190 ceu
600 1146 701 1191 vite
748 1147 798 1192 et
841 1145 1010 1205 capite
1053 1144 1216 1192 omnia
1258 1144 1461 1195 interius
1505 1151 1771 1211 vegetante
1818 1140 2148 1213 componatur.
2234 1149 2380 1200 Cuius

74 1229 270 1295 quidem
321 1231 675 1283 coniunctionis
722 1237 870 1297 atque
915 1232 1112 1283 unitatis
1160 1232 1352 1297 duplex
1397 1241 1472 1285 est
1512 1251 1732 1287 caussa.-
1784 1238 2090 1290 aritecedens
2126 1239 2279 1290 altera
2318 1254 2378 1290 ac

66 1325 329 1385 princeps,
369 1336 595 1387 quaeque
633 1322 693 1374 ab
733 1321 916 1372 influxu
953 1321 1155 1388 Christi,
1196 1325 1278 1390 qui
1317 1325 1424 1376 vitis
1463 1332 1562 1391 est,
1609 1341 1709 1377 non
1746 1326 2081 1395 distinguitur:
2132 1345 2191 1380 ac
2225 1329 2377 1381 altera

71 1416 343 1476 comitans,
381 1410 701 1478 subsequens
741 1418 791 1463 et
825 1413 1079 1476 secunda,
1119 1429 1246 1480 quae
1282 1416 1558 1482 συνεργείᾳ
1595 1418 1896 1483 continetur,
1935 1434 2030 1485 qua
2063 1418 2261 1486 fideleS,
2299 1426 2375 1471 ut-

77 1509 192 1570 pote
229 1503 480 1571 vivificati
503 1502 885 1569 rationalesque
905 1502 1144 1570 palmites
1163 1505 1229 1570 ²⁶,
1267 1506 1498 1558 influxum
1525 1506 1700 1560 Christi
1723 1509 2036 1576 recipienteS,
2073 1525 2283 1578 cumque
2318 1526 2380 1562 eo

75 1602 428 1661 cooperanteS,
476 1595 601 1647 illius
624 1597 668 1622 ²⁷
712 1593 870 1648 verba
904 1601 1146 1658 retinent,
1191 1602 1246 1647 in
1280 1603 1390 1647 eius
1427 1597 1696 1650 dilectione
1732 1606 1962 1663 manent,
2009 1607 2280 1668 statutaque
2316 1602 2378 1654 ab

77 1699 138 1735 eo
170 1693 446 1751 praecepta
479 1691 803 1738 sanctissime
841 1686 1151 1738 custodiunt.

255 1780 367 1827 175.
444 1774 698 1837 Quartum
734 1778 968 1843 succedit,
1006 1778 1236 1846 idemque
1273 1786 1574 1846 postremum
1605 1783 1798 1833 unitatis
1824 1797 1998 1849 genuS,
2036 1798 2133 1849 quo
2160 1784 2377 1835 Christus

74 1866 337 1919 ecclesiam
382 1883 521 1919 suam
569 1869 816 1936 insignem
864 1869 1042 1935 voluit,
1099 1870 1258 1936 iisque
1305 1873 1546 1937 expressit
1590 1872 1754 1923 verbis
1791 1888 1916 1939 quae
1951 1874 2264 1940 praecedenti
2297 1891 2379 1926 ca-

70 1959 169 2024 pite
193 1961 240 1984 ‘28
282 1957 596 2025 adduximus,
645 1965 694 2011 et
741 1975 948 2026 quorum
995 1960 1091 2010 huo
1113 1962 1159 1987 ²⁹
1199 1975 1386 2012 summa
1439 1963 1593 2014 redit:
1669 1960 1789 2014 Καὶ
1837 1961 2006 2015 οὐκέτι
2051 1966 2156 2031 εἰμὶ
2202 1969 2258 2017 ἐν
2302 1967 2376 2033 τῷ

70 2050 276 2117 κόσμῳ·
315 2050 404 2101 καὶ
441 2042 586 2101 οὗτοι
619 2054 676 2101 ἐν
710 2052 787 2118 τῷ
823 2052 999 2118 κόσμῳ
1035 2050 1162 2112 εἰσί,
1201 2052 1291 2113 καὶ
1323 2050 1428 2118 ἐγώ
1466 2051 1596 2120 πρὸς
1634 2053 1693 2104 σὲ
1728 2055 1985 2122 ἔρχομαι.
2033 2053 2195 2123 πάτερ
2236 2053 2371 2122 ἅγιε,

68 2138 288 2205 τήρησον
323 2139 516 2201 αὐτούς
552 2144 608 2192 ἐν
634 2143 711 2209 τῷ
738 2141 953 2209 ὀνόματί
984 2156 1096 2204 σου,
1135 2135 1180 2210 ᾦ
1208 2139 1446 2203 δέδωκάς
1479 2161 1593 2210 μοι,
1637 2143 1724 2196 ἵνα
1752 2138 1880 2197 ὦσιν
1906 2146 1965 2197 ἓν
1990 2141 2185 2206 καθώς
2211 2144 2372 2213 ἡμεῖς.

68 2227 137 2280 Ec
174 2248 276 2281 non
311 2230 533 2295 amplius
569 2249 685 2282 sum
721 2237 773 2282 in
808 2232 1020 2294 mundo,
1067 2231 1120 2282 1ιί
1167 2241 1338 2284 autem
1373 2239 1426 2284 in
1463 2235 1649 2286 mundo
1683 2242 1832 2300 sunt,
1885 2243 1934 2287 et
1967 2237 2226 2304 periclitari
2261 2253 2373 2304 per-

70 2326 203 2386 gunt,
240 2327 288 2372 et
323 2338 415 2390 eqo
450 2322 521 2373 ad
553 2329 600 2373 te
636 2329 792 2374 venio.
857 2320 1024 2374 Pater
1059 2331 1251 2387 sancte,
1287 2342 1439 2376 serva
1475 2344 1560 2377 eos
1592 2332 1649 2377 in
1681 2333 1879 2378 nomine
1916 2333 2017 2391 tuo,
2055 2345 2154 2393 quo
2189 2328 2375 2380 dedisti

66 2408 199 2472 mibi,
238 2417 290 2461 ut
323 2413 390 2462 tui
425 2427 573 2478 porro
611 2419 853 2478 maneant,
891 2430 950 2465 ac
974 2430 1003 2466 a
1027 2421 1075 2466 te
1102 2415 1217 2466 mihi
1254 2416 1351 2467 dati
1387 2423 1775 2484 cognoscantur,
1813 2424 1870 2468 ut
1905 2424 2010 2470 sint
2042 2436 2202 2470 unum
2237 2425 2373 2471 sicut

65 2519 173 2552 nos.
247 2501 383 2561 Quae
422 2518 542 2554 sane
586 2504 818 2570 probant,
866 2506 1156 2558 destinatum
1202 2507 1354 2560 fuisse
1401 2508 1617 2574 Christo,
1668 2515 1720 2559 ut
1754 2508 2075 2570 πιστεύοντες
2111 2525 2211 2562 non
2245 2513 2374 2563 inter

67 2606 123 2642 se
161 2592 321 2644 minus
363 2599 508 2659 atque
545 2594 607 2645 ad
642 2596 852 2646 invicem
903 2604 1124 2649 eoeterna
1168 2605 1538 2671 conspicuaque
1585 2605 1932 2651 coniunctione
1974 2618 2136 2652 unum
2181 2609 2369 2665 essent,

66 2697 210 2748 quam
248 2690 300 2734 ut
334 2699 481 2735 unum
522 2693 690 2738 essent
724 2694 956 2739 interiori
990 2690 1194 2742 vinculo
1230 2696 1492 2753 caritatis,
1544 2705 1694 2741 unum
1725 2697 1931 2756 propter
1966 2692 2177 2743 ductum
2211 2699 2370 2743 unius

65 2771 315 2840 Spiritus,
355 2791 413 2826 ac
437 2790 585 2827 unum
617 2785 823 2843 propter
857 2778 1123 2847 influat-um
1160 2781 1382 2832 eiusdem
1417 2782 1544 2847 vitis,
1582 2783 2101 2849 necessitudinemque
2125 2801 2243 2834 cum
2266 2801 2370 2834 uno

64 2865 332 2931 eodemque
367 2873 532 2930 capite
568 2873 707 2918 intus
743 2869 971 2922 membra
1007 2870 1179 2923 alente
1215 2879 1368 2937 atque
1402 2877 1672 2923 animante.

243 2957 298 3007 In
333 2959 671 3024 quaestionem
708 2975 856 3025 porro
893 2964 1048 3029 venit,
1089 2962 1387 3014 consuluerit
1421 2978 1516 3014 nec
1550 2978 1614 3013 ne
1648 2963 1865 3015 Christus
1903 2982 2146 3028 caussae,
2179 2970 2367 3030 princi·

59 3052 239 3112 pioque
287 3064 383 3114 quo
430 3055 659 3100 eaeterior
711 3051 982 3118 eademque
1024 3061 1204 3105 mutua
1248 3052 1486 3120 fidelium
1534 3061 1707 3106 unitas
1746 3054 2086 3123 formaretur.
2174 3056 2250 3108 Ac
2300 3057 2366 3107 itti

62 3138 205 3204 plane
253 3139 494 3191 Christum
543 3141 874 3210 consuluisse,
928 3127 1176 3196 neminem
1225 3152 1516 3212 negaturum
1565 3146 1773 3197 arbitror
1819 3148 1900 3213 qui
1950 3162 2120 3198 secum
2176 3154 2366 3214 reputet

61 3229 146 3280 vel
178 3231 402 3283 divinam
438 3233 665 3284 eiusdem
700 3238 1019 3298 sapientiam,
1057 3251 1151 3301 qua
1176 3235 1334 3287 media
1358 3236 1420 3287 ad
1444 3235 1591 3287 finem
1625 3237 1985 3303 assequendum
2016 3238 2191 3289 idonea
2222 3254 2363 3289 num-

62 3336 205 3387 quam
241 3337 339 3374 non
376 3323 574 3391 deligit,
612 3323 695 3375 vel
728 3323 998 3376 bibliorum
1033 3324 1322 3395 analoqiam
1358 3341 1453 3393 qua
1486 3327 1745 3394 docemur,
1785 3334 1833 3378 et
1861 3345 1957 3393 per
1992 3327 2242 3397 diffusam
2275 3348 2362 3380 ca—

58 3417 261 3464 ritatem
294 3415 565 3481 providisse
615 3417 779 3468 unitati
825 3418 1068 3483 interiori,
1123 3424 1171 3468 et
1211 3435 1307 3482 per
1351 3423 1643 3470 missionem
1687 3417 1943 3485 Spiritus,
1998 3421 2358 3486 doctorumque

57 3510 420 3573 maqisterium
460 3509 628 3559 unitati
675 3509 815 3575 fidei,
872 3514 921 3559 et
952 3525 1045 3574 per
1085 3506 1351 3576 influa-um
1386 3507 1577 3560 alentis
1613 3515 1830 3561 interius
1866 3516 1988 3562 vitis
2022 3512 2214 3577 unitati,
2265 3527 2360 3578 qua

57 3595 267 3660 ipsemet
303 3612 480 3664 corpus
516 3614 657 3650 suum
692 3599 846 3665 fovet,
885 3600 1074 3666 sibique
1112 3600 1336 3651 devincit.
1408 3599 1669 3652 Dissidium
1708 3616 1858 3669 erg0,
1898 3602 2027 3668 quod
2062 3617 2180 3653 sane
2216 3602 2353 3654 vide-

56 3684 215 3738 bimus
253 3703 366 3740 esse
401 3690 771 3757 gravissimum,
818 3706 919 3742 non
954 3692 1004 3741 in
1041 3705 1102 3741 eo
1139 3691 1282 3741 situm
1316 3697 1415 3756 est,
1464 3698 1622 3744 utrum
1661 3692 1876 3743 Christus
1914 3710 2180 3754 caussam,
2213 3699 2356 3758 prin-

55 3781 337 3844 cipiumque
369 3780 650 3844 instituerit,
691 3797 786 3848 quo
825 3782 1040 3833 exterior
1075 3781 1287 3833 fidelium
1324 3783 1479 3834 unitas
1517 3782 1822 3835 efficeretur:
1879 3783 1976 3834 hoc
2013 3784 2143 3834 enim
2180 3798 2352 3835 omnes

164 3991 237 4053 26)
275 3991 386 4039 ¹bid·
422 4007 465 4039 v·
502 3997 546 4040 5·
1351 3996 1426 4057 618)
1464 3996 1528 4042 cf.
1565 4010 1662 4056 cap.
1687 3997 1742 4043 x.
1778 4010 1819 4041 n.
1847 3994 1954 4041 168.

158 4107 233 4170 27)
270 4108 381 4155 lbid·
418 4124 461 4157 v·
497 4111 541 4158 ⁷·
1350 4112 1425 4176 ²⁹)
1457 4113 1559 4160 σοι..
1595 4111 1732 4161 xvu.
1772 4111 1847 4159 11.
