2574 4276
1066 145 1307 199 CAPUT
1377 145 1467 196 111.
2334 148 2399 196 15

128 286 181 335 in
223 285 281 335 iis
327 284 625 352 evangelicis
671 286 984 351 testimoniiS,
1035 301 1158 351 quae
1206 286 1266 336 de
1313 300 1352 337 s.
1390 285 1532 336 Petro
1569 322 1581 334 .
1604 323 1616 354 .
1638 322 1649 333 .
1671 321 1682 333 .
1721 282 1864 333 totius
1910 282 2149 334 ecclesiae
2197 284 2399 349 primate

129 376 311 441 passim
352 375 666 426 recitant-urs<
750 376 930 441 Audis,
991 382 1270 441 praecipua
1311 375 1655 444 fundamenta
1699 375 1796 440 peti
1844 373 2035 424 aliunde
2092 389 2191 424 non
2237 389 2399 441 posse,

129 482 275 531 quam
323 481 386 516 ex
425 466 719 517 solemnibus
757 467 818 517 de
853 466 994 517 Petro
1034 468 1331 534 evangelicis
1366 463 1694 517 testimoniis?
1728 479 1940 531 repones
1974 464 2210 531 fortasse,
2263 465 2399 516 hisce

128 556 380 622 praesidiis
417 571 514 607 non
552 572 612 607 eo
649 572 804 622 usque
825 556 952 608 Petri
978 560 1343 625 praerogativas
1379 564 1616 622 constare,
1653 563 1704 607 ut
1740 572 1829 607 eae
1864 555 2206 622 periclitentur,
2245 557 2286 607 si
2321 556 2401 606 illa

124 646 394 697 dilabantur
431 654 479 698 et
516 654 754 698 corruant.
824 646 1016 698 Adesse
1051 655 1307 714 praeterea
1343 648 1682 714 Traditionem,
1722 649 1856 699 cuius
1880 647 2060 698 robore
2079 646 2206 697 Petri
2226 661 2398 698 caussa

125 737 418 789 validissime
462 739 737 789 stabiliatur.
822 737 1028 788 Omnino
1074 738 1282 802 falleriS,
1333 740 1495 805 pergit
1535 738 1818 789 Ballerinius
1855 742 1902 789 ⁸:
1962 740 2116 805 „Cum
2168 737 2296 788 enim
2347 739 2396 788 in

123 830 238 895 ipsis
276 829 561 881 Traditionis
610 828 818 880 textibus
868 827 1040 878 eadem
1077 827 1363 894 evangelica
1398 830 1693 894 testimonia,
1745 836 1989 895 tamquam
2024 832 2255 895 primatus
2291 828 2397 878 fun-

127 919 374 987 damenta,
417 919 715 984 referantur,
769 918 811 968 si
858 917 963 982 quis
1015 916 1138 967 haec
1189 917 1249 967 ad
1285 917 1538 983 primatum
1573 920 1817 984 praecipui
1853 922 1968 971 iuris
2006 927 2056 971 et
2089 919 2397 986 personalem

123 1010 426 1062 statuendum
458 1009 574 1060 nihil
609 1008 774 1060 valere
811 1006 1153 1073 contenderet,
1191 1008 1345 1074 ipsam
1382 1012 1574 1074 quoque
1611 1009 1937 1060 Traditionem
1973 1010 2145 1061 iisdem
2178 1012 2395 1062 testimo-

121 1101 213 1151 niis
248 1099 500 1151 subnixam
537 1113 598 1149 eo
633 1098 751 1155 nihil
787 1097 1010 1148 conferre
1047 1099 1289 1149 existimet
1323 1114 1530 1149 necesse
1568 1105 1667 1150 est:
1725 1099 1855 1165 quod
1897 1099 2026 1151 idem
2063 1108 2195 1152 esset
2231 1117 2288 1152 ac
2325 1102 2395 1153 di-

122 1191 280 1241 vinam
315 1190 656 1241 institutionem
691 1190 886 1240 omnino
923 1188 1261 1241 subvertere.“
1331 1189 1371 1239 E
1406 1189 1577 1256 quibus
1615 1189 1900 1240 deducendo
1936 1190 2105 1242 infert:
2145 1191 2281 1258 „Stet
2306 1194 2393 1244 ita-

122 1295 216 1346 que
259 1281 310 1330 ιιι
363 1279 658 1346 evangelicis
705 1281 989 1331 testimoniis
1041 1280 1101 1331 de
1145 1295 1183 1332 s.
1222 1280 1363 1332 Petro
1406 1281 1676 1348 insignibus
1713 1282 1950 1332 contineri
1987 1282 2170 1333 debere
2208 1286 2395 1349 praeci-

118 1386 263 1438 puum
314 1386 372 1423 ac
422 1371 680 1438 personale
729 1370 854 1422 illius
905 1372 978 1422 ius
996 1411 1009 1437 ,
1075 1386 1170 1437 quo
1218 1374 1509 1439 praecipuae
1554 1380 1697 1440 atque
1739 1374 2009 1440 personalis
2054 1373 2394 1426 iurisdictionis

119 1464 346 1529 primatus
383 1478 411 1514 a
447 1462 634 1514 Christo
672 1462 831 1513 eidem
868 1462 1068 1514 collatus
1105 1502 1116 1513 .
1139 1502 1151 1513 .
1174 1502 1185 1513 .
1208 1502 1220 1513 .
1258 1465 1611 1515 constituitur.“

291 1560 372 1605 20.
427 1553 599 1620 Neque
641 1560 964 1621 protestantes
1012 1569 1155 1605 secus
1208 1556 1487 1622 opinantur,
1538 1561 1701 1622 utpote
1751 1555 1860 1621 qui,
1933 1555 2126 1606 diversa
2173 1554 2310 1606 licet*
2335 1555 2395 1607 de

118 1660 311 1711 caussa,
348 1646 398 1695 in
434 1645 655 1696 eamdem
690 1652 852 1696 tamen
888 1660 996 1695 cum
1032 1643 1314 1697 orthodoxis
1350 1647 1639 1698 sententiam
1677 1647 2024 1697 concesserint.
2098 1645 2230 1716 Sicut
2268 1649 2396 1698 enim

117 1735 168 1785 hi
218 1736 379 1786 omnia
426 1735 629 1787 sollicite
678 1743 939 1803 quaerunt,
991 1752 1114 1803 quae
1159 1737 1369 1789 tuendae
1405 1737 1662 1788 bibliorum
1697 1737 2078 1804 interpretationi
2115 1740 2397 1791 auctoritate

118 1825 404 1877 Traditionis
442 1826 781 1893 comprobatae
818 1828 1108 1894 inserviunt,
1159 1834 1302 1894 atque
1339 1829 1463 1881 adeo
1501 1842 1722 1895 „omneS,
1761 1844 1819 1878 ac
1854 1829 2150 1895 parisienses
2187 1830 2266 1880 vel
2295 1846 2396 1881 ma-

115 1916 273 1984 xime,
310 1918 377 1967 uti
412 1916 677 1970 Bossuetus
713 1923 914 1969 testatur
949 1920 992 1986 ⁹,
1048 1919 1281 1972 adversus
1330 1920 1606 1972 haereticos
1639 1919 1895 1987 primatum
1932 1921 2247 1986 apostolicum
2283 1936 2394 1987 pro-

108 2120 391 2180 personalia,
432 2134 561 2180 quam
595 2120 720 2166 initio
756 2122 1213 2168 commemoravimus

116 2207 256 2253 Testis
293 2214 362 2254 est
394 2208 477 2253 hac
513 2209 568 2254 de
600 2223 648 2254 re
680 2209 876 2269 locuples
912 2209 1211 2272 TertullianuS,

1297 2122 1590 2168 consensione
1632 2124 1861 2185 statuitur,
1922 2123 1996 2183 qui
2046 2124 2280 2182 primatum
2324 2124 2396 2168 uni

2195 2211 2288 2266 Qua
2342 2211 2396 2256 de

116 2296 188 2354 qui
219 2309 300 2355 pro
337 2297 675 2357 cataphrygibus
709 2310 908 2357 pugnans
950 2299 1211 2344 catholicum
1294 2313 1343 2344 re
1406 2299 1593 2344 conferri
1657 2313 1763 2358 prae
1826 2301 1984 2346 ceteris
2041 2304 2226 2359 possunt
2285 2313 2395 2358 quae

116 2382 343 2429 doctorem
377 2385 446 2430 his
480 2386 628 2431 verbis
651 2384 730 2445 (de
747 2386 929 2431 Pudicit.
957 2399 1053 2446 cap.
1067 2387 1208 2448 XXI.)
1293 2387 1456 2432 habet<
1483 2387 1698 2446 Origenes
1758 2388 1803 2433 in
1874 2402 1969 2448 cap.
2024 2388 2181 2434 XVIII.
2246 2388 2395 2433 Matth.

115 2472 373 2532 compellat:
409 2473 506 2534 „De
541 2479 614 2519 tua
648 2487 758 2518 nunc
792 2476 1005 2520 sententia
1028 2488 1208 2535 quaero,
1292 2489 1334 2519 n.
1370 2474 1448 2535 31,
1482 2474 1754 2521 Firmilianus
1790 2477 1918 2534 epist.
1954 2475 2125 2522 LXXV.
2161 2477 2273 2521 inter
2307 2475 2391 2534 Cy-

1295 2210 1423 2255 Petro
1476 2211 1828 2257 constantissime
1868 2212 2104 2259 vindicant.

111 2559 224 2604 unde
267 2560 354 2605 hoc
388 2560 455 2606 ius
492 2558 695 2620 (peccata
730 2575 1026 2621 quaecumque
1059 2565 1207 2609 remit-

112 2647 255 2708 tendi)
303 2649 520 2693 ecclesiae
562 2662 758 2708 usurpes.
830 2650 878 2695 Si
912 2652 1010 2709 quia
1046 2651 1208 2697 dixerit

108 2734 234 2780 Petro
266 2736 493 2798 DominuS,
527 2751 662 2797 super
692 2738 812 2783 hanc
833 2744 1013 2797 petram
1035 2740 1204 2797 aedifi-

111 2822 222 2869 cabo
260 2825 502 2872 ecclesiam
542 2839 687 2871 meam
700 2860 715 2883 ,
762 2825 842 2871 tibi
892 2827 1000 2873 dedi
1053 2829 1205 2874 claves

107 2914 238 2972 reqm'
260 2914 479 2974 coelestis,
501 2914 577 2959 vel
598 2928 903 2975 quaecumque
917 2916 1198 2977 alliyaveris,

109 2999 183 3045 vel
210 3003 398 3049 solveris
430 3006 480 3049 in
510 3008 659 3062 terra,
702 3010 833 3049 erunt
864 3004 1082 3065 alliqata,
1128 3006 1203 3053 vel

112 3087 257 3135 solnta
289 3093 339 3137 in
375 3092 543 3150 coelis,
591 3092 756 3137 idcirco
790 3096 1032 3151 praesumis
1067 3100 1111 3139 et
1146 3095 1202 3139 ad

112 3178 156 3218 te
190 3175 410 3224 derivasse
443 3179 645 3224 solvendi
680 3186 724 3224 et
759 3179 970 3237 alligandi
1004 3188 1201 3240 potesta-

111 3263 214 3322 tem,
248 3263 360 3311 idest
393 3267 449 3312 ad
483 3280 656 3312 omnem
690 3268 922 3313 ecclesiam
956 3270 1071 3314 Petri
1098 3284 1202 3329 pro-

112 3347 334 3413 pinquam,
378 3356 516 3413 qualis
553 3369 601 3401 es
636 3361 863 3417 evertens,
912 3340 1057 3416 atque·
1083 3371 1204 3403 com-

112 3441 280 3481 mutans
343 3444 613 3489 manifestam
677 3444 852 3491 Domini
920 3446 1203 3491 intentionem

102 3524 406 3583 personaliter
436 3530 519 3576 hoc
553 3532 682 3576 Petro
707 3525 1039 3578 conferentem?
1069 3549 1205 3594 super

109 3618 177 3671 te,
239 3614 400 3673 inquit,
454 3619 707 3677 aedificabo
751 3620 991 3668 ecclesiam
1029 3636 1201 3682 meam,

109 3705 154 3744 et
205 3701 321 3747 dabo
365 3702 444 3748 tibi
493 3707 670 3768 claves,
731 3722 820 3755 non
865 3711 1102 3770 ecclesiae3
1159 3717 1203 3756 et

107 3801 411 3851 quaecumque
442 3794 631 3842 solveris
665 3797 740 3843 vel
773 3797 1069 3859 obliyaveris,
1114 3813 1203 3847 non

109 3888 219 3933 quae
252 3878 467 3925 solverint
498 3882 569 3927 vel
602 3885 929 3943 alligaverint-‘⁶

204 3964 294 4010 Sed
350 3967 485 4013 altera
538 3966 759 4034 acceptio,
824 3989 908 4033 qua
959 3975 1204 4036 personale

108 4050 225 4098 idem
260 4060 388 4101 sonat
423 4069 475 4101 ac
503 4060 767 4122 proprium,
802 4065 996 4110 unanimi
1029 4064 1202 4111 Patrum

1288 2564 1522 2626 prianicas,
1559 2563 1742 2623 Cyrillus
1770 2564 2184 2623 hierosolymitanus
2214 2564 2390 2609 Catech.

1287 2650 1362 2696 XI.
1419 2665 1461 2696 n.
1515 2651 1569 2712 3,
1618 2652 1807 2697 Hilarius
1863 2653 1917 2698 de
1969 2653 2120 2698 Trinit.
2182 2653 2257 2698 lib.
2314 2652 2391 2698 VI.

1286 2753 1329 2783 n.
1366 2738 1444 2799 37,
1481 2751 1639 2784 comm.
1686 2741 1731 2785 in
1765 2741 1915 2786 Matth.
1964 2755 2060 2800 cap.
2096 2741 2269 2790 xv.‚n.
2312 2740 2386 2801 17,

1286 2826 1550 2872 Ambrosius
1585 2828 1630 2873 in
1663 2827 1762 2873 Luc.
1811 2829 1893 2874 lib.
1928 2829 2004 2875 VI.
2048 2828 2390 2888 nn.v93-—97‚

1285 2913 1495 2959 Pacianus
1555 2916 1683 2974 epist.
1749 2916 1821 2961 ΠΙ.
1889 2917 1944 2962 ad
1999 2917 2388 2982 Sympronianum,

1284 3001 1485 3048 Asterius
1539 3005 1689 3050 homil.
1747 3005 1791 3050 ιιι
1850 3018 1911 3050 SS.
1976 3006 2197 3066 Principes
2268 3008 2391 3068 Apo-

1284 3091 1385 3135 stol.
1422 3106 1464 3136 n.
1499 3091 1551 3153 2,
1586 3093 1773 3138 Basilius
1814 3095 2099 3139 seleuciensis
2144 3096 2296 3141 homil.
2345 3099 2389 3143 ιιι

1295 3191 1332 3223 s.
1387 3178 1634 3243 Andream,
1697 3187 1743 3227 et
1804 3182 1923 3227 Beda
1989 3182 2139 3228 homil.
2210 3186 2254 3229 in
2319 3185 2390 3230 die

1285 3279 1321 3311 S.
1357 3267 1581 3314 Matthaei.

1386 3354 1430 3416 ⁸)
1475 3356 1587 3402 Ibid.
1622 3372 1666 3403 n.
1706 3357 1750 3404 1.

1385 3444 1430 3506 ⁹)
1472 3445 1519 3491 In
1564 3447 1737 3492 dissert.
1793 3459 1905 3504 quae
1970 3444 2214 3490 defensioni
2275 3446 2389 3494 Cleri

1286 3533 1496 3579 Gallicani
1548 3535 1852 3594 praemittitur.
1944 3532 2144 3578 Ceterum
2205 3535 2260 3580 de
2303 3536 2389 3581 hoc

1284 3635 1432 3683 opere,
1468 3628 1512 3668 et
1547 3637 1601 3668 an
1634 3622 1744 3669 illud
1779 3621 1936 3666 merito
1971 3620 2184 3667 Bossueto
2219 3623 2387 3668 tribua-

1284 3715 1373 3771 tur,
1421 3711 1521 3769 lege
1565 3724 1675 3770 quae
1718 3711 1939 3756 disserunt
1975 3710 2182 3755 Zaccaria
2218 3712 2262 3756 in
2297 3712 2384 3756 isa-

1284 3811 1405 3857 goge
1440 3799 1496 3844 ad
1529 3811 1639 3857 opus
1674 3798 1882 3859 italicum,
1918 3794 2381 3861 LffAnti-Febbronio,

1284 3892 1330 3933 et
1388 3887 1628 3932 Cardinalis
1690 3886 1744 3932 de
1799 3887 2003 3948 Bausset,
2074 3888 2271 3935 Histoire
2332 3887 2386 3932 de

1285 3974 1496 4036 Bossuet,
1535 3975 1670 4020 Tome
1704 3974 1954 4036 deuxieme,
1989 3975 2141 4022 Pieces
2169 3976 2383 4035 justifica-

1288 4065 1402 4110 tives
1436 4062 1493 4109 du
1525 4062 1634 4110 livre
1668 4063 1867 4125 sixieme,
1898 4078 1943 4110 ιι.
1982 4062 2024 4111 ¹.
