2574 4276
1102 144 1342 199 CAPUT
1407 146 1478 197 V.
2365 145 2433 195 27

147 288 345 355 reliquis
383 287 738 339 commendat“.
810 287 850 339 E
887 286 1074 355 quibuS,
1117 287 1246 354 quod
1269 286 1401 354 prius
1431 292 1504 338 est
1529 285 1622 337 nisi
1644 283 1918 335 firmissime
1955 282 2264 351 custodiatur,
2302 283 2432 335 nulla

147 381 239 430 erit
262 379 607 445 interpretandi
634 395 727 446 arS,
765 380 979 446 nihilque
1018 380 1108 429 erit
1137 378 1265 444 quod
1303 378 1519 443 exsculpi
1556 393 1583 427 e
1621 376 1845 442 quopiam
1882 389 1980 425 non
2014 376 2189 441 possit:
2228 374 2431 425 alterum

147 485 265 522 vero
310 476 407 520 tam
458 476 533 520 est
575 472 910 537 perspicuum,
956 477 1008 544 ut
1061 470 1274 520 omnium
1309 468 1612 535 professione
1650 466 2006 533 comprobetur.
2079 466 2264 532 Ecquid
2302 467 2431 516 enim

145 560 448 627 luculentius,
487 577 630 627 quam
661 568 1017 627 propositionis
1055 560 1279 612 subiecto
1313 561 1436 625 vim,
1473 565 1860 625 potestatemque
1885 558 2211 625 appositorum
2245 563 2432 623 tempe-

145 656 251 706 rari.
277 660 420 720 atque
461 651 827 705 circumscribi?
872 654 1001 704 hunc
1038 667 1277 703 canonem
1315 650 1555 701 dialectici
1592 652 1878 716 saepissime
1903 655 2163 718 repetunt,
2208 647 2433 714 exempla

147 760 266 797 vero
311 744 635 811 pulcherrime
682 745 980 796 confirmant.
1050 734 1208 794 Unum'
1255 741 1455 793 afferam
1497 757 1526 792 e
1562 742 1881 808 disputatione
1918 758 2029 793 cum
2079 740 2339 794 socinianis
2372 738 2433 789 de

151 853 268 889 vera
294 838 469 889 Christi
491 835 818 888 satisfactione
853 839 875 862 ⁵·
908 834 1258 900 depromptum.
1331 830 1410 882 Ad
1432 831 1558 882 hanc
1582 832 1912 899 asserendam,
1939 834 2159 906 solemne
2184 830 2433 884 catholicis

151 935 280 995 erat,
328 929 387 979 iis
434 929 503 979 uti
547 927 804 983 bibliorum
851 924 1062 976 oraculis
1075 964 1088 990 ,
1139 923 1311 990 quibus
1357 923 1572 974 Christus
1612 929 1819 988 propter
1857 931 2070 988 peccata
2105 930 2306 987 nostra,
2353 921 2434 973 vel

145 1036 239 1085 pro
267 1023 490 1084 peccatis
521 1022 712 1068 nostris
748 1030 961 1080 crucem,
1000 1020 1306 1080 mortemque
1331 1013 1539 1065 subiisse
1575 1015 1591 1040 ⁶
1630 1013 1926 1080 perhibetur.
1998 1015 2072 1067 Ne
2109 1018 2261 1068 victas
2298 1014 2436 1065 daret

139 1116 319 1160 manus
355 1107 574 1173 Socinus,
612 1108 804 1173 excepit
840 1104 1078 1157 eiusmodi
1101 1106 1388 1156 testimoniis
1423 1120 1529 1155 rem
1567 1105 1764 1155 minime
1800 1104 1987 1171 confici,
2025 1122 2171 1172 quum
2202 1104 2435 1172 particula

141 1217 237 1265 pro
270 1199 463 1250 finalem
499 1196 734 1265 exprimat
770 1212 1014 1263 caussam,
1050 1211 1149 1247 non
1186 1189 1507 1247 efficientem:
1555 1192 1788 1262 particula
1823 1210 1943 1247 vero
1973 1203 2180 1261 propter
2215 1211 2436 1247 caussam

149 1291 342 1358 quidem
386 1289 678 1340 efficientem
705 1288 986 1355 ,designare
1035 1289 1211 1355 possit,
1262 1287 1352 1338 sed
1389 1303 1513 1353 quae
1549 1287 1657 1338 talis
1693 1288 1755 1338 sit
1787 1288 2242 1355 καταχρηστικῶς,
2292 1294 2436 1353 atque

149 1382 272 1434 adeo
318 1385 577 1432 occasioni
618 1386 859 1446 potestate
911 1379 1221 1445 respondeat.
1295 1377 1376 1430 Sic
1423 1377 1504 1428 ille
1540 1381 1556 1404 ⁷
1607 1393 1707 1428 non
1756 1393 1854 1429 uno
1900 1380 1951 1429 in
1992 1379 2117 1430 loco.
2190 1378 2344 1438 Quem
2386 1383 2439 1428 ut

149 1474 428 1541 plenissime
462 1471 677 1537 refellaS,
715 1471 831 1521 nihil
857 1485 917 1521 eo
944 1485 1132 1521 canone
1159 1469 1583 1536 accommodatiuS,
1620 1470 1681 1521 de
1711 1485 1807 1536 quo
1842 1469 2097 1538 loquimur.
2169 1470 2440 1530 Quaecum-

150 1580 243 1631 que
288 1565 416 1615 enim
460 1562 706 1630 particulis
748 1578 843 1626 pro
887 1568 936 1612 et
971 1567 1177 1626 propter
1212 1562 1284 1612 vis
1317 1562 1452 1628 insit,
1504 1577 1651 1627 quum
1684 1561 1813 1612 nude
1864 1567 2008 1627 atque
2046 1576 2270 1613 seorsum
2304 1560 2438 1610 adhi-

150 1656 342 1723 bentur,
379 1655 598 1706 illud‘est
633 1652 851 1720 perfecta
889 1642 1222 1719 exemplorum
1248 1652 1525 1705 inductione
1553 1652 1935 1719 comprobatum,
1972 1655 2116 1704 toties
2149 1654 2206 1703 iis
2241 1658 2437 1702 antece-

150 1749 370 1814 dentem,
409 1746 798 1811 efficientemque
837 1758 1059 1794 caussam
1095 1742 1282 1815 efferri,
1319 1746 1510 1814 quoties
1547 1745 1608 1795 ad
1642 1744 1852 1810 aliquem
1886 1744 2184 1810 referuntur,
2234 1745 2315 1810 qui
2344 1760 2440 1808 pro

146 1845 396 1905 peccam,
434 1838 514 1889 vel
546 1844 750 1902 propter
779 1842 990 1901 peccata
1026 1832 1233 1886 mortem
1269 1837 1529 1902 oppetiisse
1569 1839 1880 1886 memoratur.
1954 1835 2091 1886 Unde
2127 1836 2176 1886 in
2213 1834 2439 1887 Socinum

151 1932 212 1983 de
246 1931 435 1997 punctis
471 1935 620 1995 atque,
653 1928 866 1995 apicibus
903 1926 1220 1992 vitiligantem
1256 1933 1370 2003 apte*
1403 1927 1639 1993 quadrant
1674 1910 1928 1994 elegantes
1965 1927 2217 1978 versiculi:

481 2043 602 2104 Tibi,
637 2044 755 2103 quod
788 2039 974 2103 intristi,
1011 2042 1282 2088 exedendum
1317 2048 1406 2087 est:
1440 2043 1508 2087 sic
1540 2046 1668 2088 vetus
1702 2043 1884 2088 verbum
1920 2042 2072 2103 iubet,

480 2132 747 2192 CompedeS,
785 2146 892 2191 quas
927 2132 1024 2191 ipse
1057 2132 1189 2193 fecit,
1226 2134 1347 2191 ipsus
1380 2136 1429 2176 ut
1463 2135 1609 2188 gestet
1641 2131 1780 2176 faber.

330 2259 410 2304 35.
484 2252 563 2303 Ad
599 2239 799 2304 alteram
839 2254 998 2318 venie,
1038 2268 1132 2319 qua
1169 2254 1453 2319 saepissime
1489 2259 1695 2319 utemur,
1735 2258 1957 2319 quaeqUe
1993 2252 2183 2318 concipi
2217 2251 2293 2303 his
2329 2266 2438 2302 ver-

151 2344 225 2395 bis
268 2359 368 2395 non
409 2345 715 2395 incommode
761 2351 946 2411 potest:
1020 2345 1105 2410 „Si
1151 2345 1288 2411 plura
1338 2344 1398 2395 de
1448 2344 1622 2395 eodem
1665 2344 1884 2396 subiecto
1921 2344 2145 2411 legantur
2181 2345 2230 2394 in
2264 2343 2438 2408 bibliis,

156 2433 427 2500 ἀναλόγως
472 2441 614 2501 atque
663 2433 961 2502 ἁρμονικῶς
1006 2436 1286 2502 accipienda
1334 2443 1465 2502 sunt,
1500 2451 1675 2502 ‘neque
1717 2435 1834 2487 ferri
1879 2437 2207 2502 expositiones
2246 2434 2439 2500 debent,

158 2525 328 2590 quibus
366 2541 534 2576 eorum
562 2528 868 2593 conspiratiO,
907 2533 1269 2593 concentusque
1303 2527 1695 2593 perturbentur.“
1768 2527 1868 2580 Sibi
1903 2528 2031 2578 enim
2067 2532 2256 2577 constat
2291 2525 2438 2590 DeUS,

156 2632 311 2682 eaque
350 2623 459 2667 sunt
492 2617 681 2683 eloquia
719 2618 892 2683 divina,
930 2619 979 2667 in
1019 2633 1159 2684 quae,
1196 2624 1247 2668 ut
1280 2618 1452 2669 Paulus
1493 2619 1703 2686 loquitur
1739 2621 1774 2684 ⁸,
1814 2634 1911 2668 non
1951 2618 2075 2668 cadit
2112 2617 2195 2669 ναὶ
2231 2618 2320 2669 καὶ
2358 2611 2438 2679 οὔ,

154 2708 244 2758 sed
269 2708 443 2758 eodem
469 2710 646 2775 iugiter
670 2715 904 2775 spectant,
933 2716 982 2760 et
1006 2710 1229 2777 eamdem
1255 2716 1534 2761 constanter
1558 2716 1788 2775 mentem,
1818 2711 2204 2778 sententiamque
2240 2712 2257 2737 ⁹
2293 2727 2434 2777 prae-

156 2798 385 2850 seferunt.
458 2800 597 2859 Quod
634 2816 780 2866 quum
810 2801 976 2851 Patres
1016 2807 1066 2851 et
1100 2800 1350 2875 revelatae
1389 2802 1637 2852 doctrinae
1664 2802 1881 2853 vindices
1917 2802 2070 2868 probe
2098 2799 2438 2872 intellexerint,

153 2890 247 2940 hoc
289 2897 547 2958 propterea
585 2888 871 2958 ἀναλογίας
914 2879 1100 2942 canone
1137 2892 1213 2941 usi
1248 2891 1532 2957 frequenter
1570 2900 1706 2959 sunt,
1753 2899 1804 2943 ut
1840 2892 2189 2944 subnascentes
2228 2893 2439 2960 quotidie

157 2994 349 3032 errores
387 2983 777 3048 comprimerent.
812 3035 815 3038 Α
850 2983 924 3034 Ne
976 2968 1303 3033 omnimodam
1342 2985 1528 3050 gratiae
1564 2979 1908 3035 necessitatem
1946 2985 2007 3036 ad
2038 2986 2256 3052 singulos
2295 3000 2439 3052 quos-

159 3086 251 3136 que
284 3073 471 3138 pietatis
508 3080 643 3124 actus
678 3073 923 3140 pelagiani
959 3074 1326 3139 confiterentur,
1365 3075 1592 3126 nonnulla
1630 3076 1851 3127 ebibliis
1889 3057 2230 3143 decerpebant,
2268 3076 2439 3142 quibus

158 3162 343 3213 insitam
379 3163 560 3215 arbitrii
594 3164 867 3215 libertatem
903 3172 1071 3216 contra
1103 3168 1446 3217 necessitatem
1483 3169 1679 3233 superni
1716 3169 1878 3220 auxilii
1915 3174 2202 3235 arroganter
2238 3166 2440 3218 extolle-

260 3369 306 3430 ⁵)
338 3342 406 3416 cf.
426 3372 625 3432 Hugonis
650 3373 791 3421 Grotii
812 3375 1125 3422 Defensionem
1149 3377 1253 3423 fidei
1443 3379 1488 3440 ⁸)
1522 3378 1575 3424 ΙΙ.
1603 3379 1704 3424 Cor.
1739 3379 1772 3424 1.
1812 3378 1887 3424 18.

159 3457 402 3503 catholicae
427 3460 481 3506 de
507 3464 811 3509 satisfactione
845 3464 1007 3510 Christi
1042 3466 1252 3512 adversus
1442 3466 1487 3528 ⁹)
1524 3467 1603 3528 „In
1646 3468 1767 3513 omni
1808 3467 2100 3527 documento,
2145 3465 2302 3512 scribit
2331 3465 2441 3512 We-

157 3545 360 3591 Faustum
396 3547 628 3612 Socinum,
665 3565 760 3611 cap.
788 3552 820 3596 Ι.
1333 3554 1593 3623 senbecius,
1627 3556 1801 3614 Digest.
1825 3557 1901 3601 lib.
1920 3555 2054 3601 XXII.
2082 3554 2165 3600 Tit.
2184 3553 2257 3599 111.
2290 3569 2333 3599 n.
2362 3554 2437 3615 12,

258 3677 303 3736 ⁶)
352 3678 415 3722 Cf·
452 3672 626 3727 Gemrdi
659 3684 875 3729 Johannis
911 3685 1063 3730 vossii
1099 3686 1154 3731 ad
1188 3686 1251 3731 iu·
1333 3656 1386 3687 ea
1430 3649 1625 3689 sumetur
1667 3645 1997 3703 interpretatiO,
2038 3648 2086 3688 ut
2121 3647 2242 3687 actus
2276 3642 2436 3702 valeat,

158 3765 319 3810 dicium
363 3766 596 3813 Hermanni
617 3770 983 3832 -Ravenspergeri
1017 3774 1072 3819 de
1108 3774 1250 3821 Grotii

156 3853 271 3898 libro
305 3856 663 3925 responsionem,
699 3874 826 3920 capp.
861 3862 1162 3908 XVI—XIX.

1331 3743 1419 3776 non
1460 3737 1624 3790 pereat.
1707 3732 1851 3787 Quare
1894 3731 2041 3790 quoad
2085 3713 2181 3776 eius
2226 3731 2437 3789 fieripo-

1332 3825 1442 3879 test,
1496 3820 1629 3864 iudex
1673 3821 1805 3864 etiam
1845 3820 2112 3865 dissidentes
2157 3821 2201 3865 in
2246 3821 2436 3878 speciem

1333 3908 1619 3966 probationes
1667 3908 1927 3962 conciliare,
1973 3913 2019 3954 et
2060 3910 2105 3953 in
2146 3921 2274 3954 unam
2320 3907 2435 3951 redi-

257 3984 303 4044 7)
337 3985 563 4031 Praelectt.
611 3987 846 4049 theolog-ic.
894 4007 989 4051 cap.
1025 3994 1119 4039 XX.
1187 3996 1251 4041 De
1334 4008 1441 4052 gere
1485 3996 1758 4040 harmoniam
1801 3996 1944 4042 debet.
2022 3997 2130 4043 Cod.
2159 3997 2221 4041 ·de
2255 3995 2339 4040 fide
2373 3995 2436 4039 in-

70 4108 73 4111 .
160 4070 418 4135 Servatore,
453 4075 565 4121 Part.
590 4075 643 4122 Π.
680 4091 802 4138 capp.
827 4079 1049 4129 VII—X.
1335 4082 1722 4130 strumentorum.“
