2574 4276
1095 107 1341 162 CAPUT
1411 108 1484 162 V.
2378 106 2441 156 ⁸71

133 253 323 306 θίσατε
358 248 547 313 αὐτοῦ,
599 255 699 313 ἕως
731 244 794 303 οὗ
836 248 1103 303 ἀπελθών
1134 246 1503 316 προςεύξωμαι
1539 245 1673 308 ἐκεῖ,
1721 246 1978 295 assumens
2000 245 2046 271 ²⁹
2088 244 2318 294 continuo
2355 242 2446 295 τὸν

133 344 338 410 Πέτρον
388 342 478 394 καὶ
527 338 650 403 τούς
703 341 800 393 δύο
849 339 995 402 υἱούς
1038 339 1357 409 Ζεβεδαίου,
1415 333 1606 404 ἤρξατο
1650 333 1944 386 λυπεῖσθαι
1991 333 2080 385 καὶ
2131 331 2442 401 α’δημονεῖν,

131 435 291 501 coepit
337 433 613 485 contristari
662 440 711 484 et
760 433 1051 500 gravissime
1100 431 1229 498 angi.
1301 430 1392 480 Ubi
1443 429 1581 496 plura
1628 426 1911 478 necessaria
1954 439 2069 476 esse
2117 440 2217 475 non
2265 424 2440 492 credo,

130 525 300 592 quibus
327 525 502 577 Christi
532 524 742 575 studium
767 523 1076 590 adprobetur,
1116 536 1212 588 quo
1249 520 1485 588 singulari
1508 519 1637 570 Petri
1673 516 1956 569 institutioni
1991 516 2248 583 consuluit,
2285 516 2442 566 illum-

132 632 226 683 que
265 617 444 667 ceteris
479 615 736 682 apostoliS,
770 616 984 682 ipsisque
1019 612 1263 664 Zebedaei
1298 612 1408 663 filiis
1445 610 1732 677 anteposuit.
1802 607 1995 659 Etenim
2044 610 2094 670 a)
2130 608 2172 658 is
2211 613 2310 673 est,
2362 609 2443 673 qui

127 713 323 771 primus
363 712 653 758 recensetur
674 709 739 771 ³⁰,
791 698 1120 773 παραλαβών
1153 700 1244 754 τὸν
1279 700 1496 766 Πέτρον
1534 701 1622 752 καὶ
1656 694 1778 760 τοὺς
1815 696 1913 750 δύο
1950 692 2095 759 υἱούς
2132 696 2439 766 Ζεβεδαίου.

128 799 173 849 Is
216 798 272 861 b)
311 800 392 864 qui
429 782 613 849 eximio
649 796 777 847 Petri
811 795 1011 846 nomine
1059 793 1325 844 instructus
1365 791 1529 857 adest,
1575 789 1905 857 παραλαβών
1939 787 2031 840 τὸν
2066 787 2293 857 Πέτρον.
2366 788 2442 840 Ac

130 890 171 939 is
220 893 272 952 c)
313 889 394 954 qui
434 888 736 954 reliquorum
779 898 983 952 praeses
1030 888 1080 951 et
1127 888 1270 947 caput
1311 882 1533 933 habetur.
1607 881 1765 941 Quum
1802 883 1933 932 enim
1970 881 2185 932 Christus
2231 881 2440 947 primum

130 985 346 1045 orasset,
400 978 619 1043 inquit1³¹
668 975 965 1040 MatthaeuS,
1020 974 1229 1039 ἔρχεται
1273 970 1405 1038 πρὸς
1455 971 1577 1031 τούς
1615 970 1894 1038 μαθητάς,
1947 972 2035 1022 καὶ
2080 970 2303 1036 εὑρίσκει
2347 968 2441 1021 αύ-

131 1066 254 1132 τούς
300 1067 696 1128 καθεύδοντας,
753 1065 844 1117 καὶ
891 1064 1030 1130 λέγει
1075 1065 1153 1132 τῷ
1196 1063 1409 1131 Πέτρῳ·
1461 1060 1631 1123 οὕτως
1682 1059 1780 1112 οὐκ
1831 1062 2080 1123 ἰσχύσατε
2125 1062 2252 1128 μίαν
2292 1057 2440 1130 ὥραν

126 1161 446 1228 γρηγορῆσαι
496 1157 609 1225 μετ’
663 1144 830 1224 3305,-
895 1154 986 1207 sed
1041 1169 1274 1221 quorsum
1328 1153 1410 1204 illa
1462 1154 1655 1204 numeri
1714 1148 2006 1217 ἐναλλαγή,
2072 1152 2194 1203 dicit
2249 1150 2438 1216 Petro,

126 1259 203 1303 sic
247 1269 348 1303 non
381 1250 674 1316 potuistis?
717 1247 850 1314 quod
882 1248 937 1298 in
969 1247 1140 1313 Petro,
1191 1253 1436 1312 tamquam
1475 1244 1733 1312 designato
1774 1243 1958 1309 capite,
2009 1256 2180 1293 omnes
2219 1246 2439 1295 contine-

122 1347 303 1392 rentur.
377 1341 621 1400 Quorsum
659 1338 982 1405 reprehensio
1017 1338 1160 1405 Petri,
1200 1320 1426 1388 omnium*
1451 1334 1774 1403 reprehensio
1795 1332 2148 1385 existimatur?
2190 1336 2320 1400 quod
2356 1352 2438 1387 ca-

124 1433 362 1498 stigentur
396 1430 619 1482 membra
645 1445 793 1496 quum
829 1430 879 1480 in
905 1435 1047 1497 caput
1079 1427 1489 1480 animadvertitur.
1563 1427 1738 1493 Liquet
1774 1441 1898 1493 ergo
1923 1440 2025 1476 non
2059 1426 2259 1492 reliquis
2291 1428 2436 1479 modo

126 1522 371 1590 apostolis,
408 1521 500 1574 sed
533 1522 651 1589 ipsis
691 1537 888 1587 quoque
913 1520 1159 1572 Zebedaei
1193 1519 1302 1570 filiis
1339 1525 1439 1570 tum
1474 1519 1668 1570 Petrum
1709 1518 1859 1570 fuisse
1896 1517 2249 1585 praehabitum,
2291 1535 2437 1585 quum

124 1631 183 1665 ea
220 1613 491 1665 evidentius
528 1613 774 1665 declarata
814 1612 1030 1664 Christus
1066 1611 1231 1677 voluit,
1272 1627 1398 1678 quae
1436 1609 1498 1661 ad
1534 1608 1847 1688 θεολογίαν,
1885 1615 2260 1676 susceptamque
2298 1613 2437 1666 οἰκο-

126 1707 314 1774 νομίαν
347 1706 664 1772 pertinerent.

306 1802 385 1847 56.
457 1795 543 1847 Est
579 1801 740 1846 autem
779 1794 1111 1862 praeceptoris
1149 1799 1200 1845 et
1245 1793 1468 1862 magistri
1503 1808 1603 1844 non
1641 1808 1701 1844 ea
1737 1792 1896 1844 solum
1931 1793 2087 1860 probe
2123 1808 2273 1846 nosse
2310 1809 2435 1861 quae

124 1888 185 1938 sit
220 1886 505 1952 tradituruS,
543 1902 716 1938 verum
754 1888 900 1938 etiam
936 1888 987 1937 in
1024 1886 1291 1937 numeratis
1329 1890 1616 1951 argumenta
1652 1883 1866 1950 habere,
1915 1885 2087 1950 quibus
2120 1886 2199 1936 illa
2235 1902 2434 1953 persua-

125 1978 236 2029 deat
273 1994 331 2028 ac
367 1977 682 2030 demonstret.
755 1979 886 2030 Inter
922 1979 1210 2046 argumenta
1243 1991 1364 2027 vero
1392 1976 1684 2027 christianae
1715 1976 2140 2028 demonstrationis
2176 1978 2318 2030 nullis
2356 1994 2434 2030 se-

125 2070 281 2121 cunda
318 2075 443 2135 sunt,
482 2084 609 2136 quae
646 2086 710 2121 ex
747 2070 887 2121 editis
921 2069 1173 2136 portentiS,
1211 2069 1508 2134 patratisque
1533 2067 1778 2119 miraculis
1817 2067 2148 2120 desumuntur.
2224 2069 2275 2122 Si
2310 2086 2433 2137 ergo

127 2160 301 2213 Christi
339 2160 594 2213 consilium
629 2160 730 2228 fuit,
767 2167 819 2212 ut
844 2161 1014 2217 Petrus
1049 2158 1354 2225 universalis,
1393 2159 1704 2225 supremique
1728 2157 1942 2209 fidelium
1980 2159 2193 2211 doctoris
2230 2176 2433 2212 munere

125 2253 438 2319 fungeretur,
490 2266 548 2301 ac
585 2250 817 2318 dignitate
851 2256 1152 2318 praestaret3
1199 2251 1397 2300 omnino
1437 2249 1624 2316 decuit,
1673 2257 1725 2301 ut
1762 2266 1908 2317 quem
1944 2251 2135 2318 plenius
2174 2252 2430 2319 erudierat,

126 2342 353 2393 eumdem
400 2341 657 2410 singulari,
708 2343 983 2408 eximiaque
1028 2342 1218 2392 ratione
1263 2342 1455 2393 illorum
1491 2348 1668 2393 testem
1693 2344 1738 2368 ³²
1785 2342 2041 2409 redderet,
2096 2344 2268 2410 quibus
2307 2344 2433 2394 chri-

130 2433 314 2483 stianae
370 2432 619 2484 doctrinae
668 2434 849 2484 veritas
910 2432 1264 2500 comprobatur.
1351 2433 1506 2494 Quod<
1537 2433 1811 2485 nullatenus
1857 2435 2196 2500 praetermisit.
2277 2436 2432 2496 Quum

103 2518 256 2572 'enim
301 2523 480 2590 insigni
515 2529 739 2590 portento
775 2524 919 2575 filiam
968 2524 1349 2592 archisynagogi
1388 2524 1449 2575 ad
1491 2525 1639 2575 vitam
1676 2531 1810 2576 esset
1832 2527 1878 2551 ³³
1929 2532 2275 2593 revocaturus,
2334 2525 2430 2577 οὐκ

72 2619 77 2624 “
126 2611 332 2683 ἀφῆκεν
369 2611 559 2665 οὐδένα
594 2611 735 2682 αὐτῷ
771 2614 1251 2679 συνακολουθῆσαι,
1289 2618 1335 2666 εὶ
1371 2611 1442 2683 μή
1468 2614 1676 2681 Πέτρον
1711 2616 1798 2667 καὶ
1834 2614 2092 2686 Ἰάκωβον
2127 2619 2216 2670 καὶ
2252 2616 2429 2671 Ἰωαν-

228 2797 301 2858 ⁴²⁹)
336 2798 486 2843 Matth.
522 2798 681 2844 XXVI.
718 2799 796 2845 37.

230 2885 306 2947 ³⁰)
342 2886 492 2931 Matth.
529 2887 689 2932 XXVI.
726 2887 804 2933 37.

229 2973 304 3034 ³¹)
337 2974 449 3019 lbid.
483 2987 558 3020 vv.
585 2974 797 3020 39—40.
845 2975 974 3030 Quod
1009 2980 1155 3020 autem
1188 2976 1232 3021 in

131 3059 280 3119 Petro,
331 3067 554 3121 tamquam
603 3062 750 3108 futuro
802 3064 972 3124 capite,
1036 3063 1232 3122 apostoli

130 3159 280 3192 omnes
341 3151 698 3211 continerentur,
767 3151 967 3210 pluribus
1026 3152 1235 3211 explanat

130 3234 392 3282 Ambrosius
427 3239 472 3283 in
506 3238 665 3284 Lucam
699 3238 778 3283 lib.
802 3238 886 3285 IV:
914 3254 956 3284 n.
984 3240 1071 3299 70,
1109 3245 1154 3285 et
1188 3241 1233 3285 in

132 3322 406 3371 Hexameron
438 3327 517 3371 lib.
545 3326 599 3372 V.
637 3339 734 3386 cap.
763 3326 838 3372 VI.

230 3410 305 3471 ³²)
354 3411 426 3458 Ad
468 3414 582 3460 hanc
624 3416 754 3460 testis
796 3414 1114 3474 proprietatem
1158 3414 1235 3460 de-

130 3498 379 3544 clarandam
400 3500 483 3547 ista
505 3504 726 3561 pertinent
749 3503 801 3548 II.
824 3503 938 3548 Petr.
961 3502 993 3548 1.
1016 3501 1231 3547 16-192

128 3586 229 3631 Non
270 3587 390 3632 enim
433 3589 588 3636 doctas
634 3591 823 3649 fabulas
873 3587 1235 3651 (σεσοφισμένοις

127 3665 299 3733 μύθοις
333 3673 502 3722 fabulas
536 3679 593 3724 ad
627 3679 935 3739 decipiendum
969 3678 1128 3723 callide
1155 3691 1234 3723 ex-

49 3781 55 3790 ·
128 3761 369 3821 cogitatas,
406 3775 516 3820 quae
541 3770 608 3811 est
631 3768 702 3811 vis
735 3762 819 3813 τοῦ
850 3762 1065 3828 ,σοφίζειν,
1101 3779 1233 3812 sensu

129 3848 365 3909 deteriori)
399 3853 544 3896 secuti
574 3861 730 3900 notam
759 3855 956 3913 fecimus
977 3854 1103 3900 vobis
1126 3854 1231 3900 Do-

127 3937 240 3982 mini
269 3939 415 3983 nostri
436 3938 548 3985 Jesu
573 3941 736 3989 Christi
766 3945 979 3989 virtutem
1014 3949 1057 3989 et
1082 3957 1231 4002 prae-

131 4025 322 4073 sentiam
372 4017 584 4090 (δύναμιν
634 4028 714 4077 καὶ
754 4029 1039 4094 παρουσίαν,
1093 4031 1231 4093 idest,

1317 2798 1578 2859 παρουσίαν
1606 2793 1822 2861 δυνατήν,
1857 2803 2169 2848 oeconomiam
2205 2805 2427 2851 miraculis

1317 2888 1579 2950 insignem),
1614 2891 1697 2935 sed
1716 2891 2026 2951 speculatores
2063 2885 2287 2950 (ἐπόπται
2310 2895 2426 2940 idem

1315 2977 1415 3022 heic
1451 2978 1568 3036 quod
1602 2970 1855 3036 αὐτόπται,
1903 2981 2067 3026 oculati
2101 2981 2263 3043 testes)
2308 2984 2429 3041 facti

1315 3065 1443 3110 illius
1501 3068 1841 3127 maqnitudinis.
1926 3066 2171 3129 Accipiens
2224 3073 2345 3117 enim
2397 3087 2428 3118 a

1315 3153 1417 3206 Deo
1437 3153 1574 3200 Patre
1605 3155 1822 3202 honorem
1856 3163 1900 3202 et
1918 3157 2116 3217 qloriam
2151 3156 2298 3217 (cuius
2323 3160 2424 3205 Joh.

1316 3241 1411 3287 XII.
1447 3242 1526 3288 28.
1577 3244 1663 3289 ista
1708 3249 1809 3290 sunt
1852 3245 2014 3306 verba,
2073 3237 2297 3302 ἐδόξασα,
2349 3245 2427 3292 καὶ

1316 3321 1456 3375 πάλιν
1499 3323 1749 3393 δοξάσω),
1806 3346 1919 3379 voce
1973 3333 2164 3393 delapsa
2212 3335 2277 3379 ad
2325 3349 2426 3381 eum

1315 3418 1626 3465 huiuscemodi
1659 3435 1690 3466 a
1722 3422 1973 3482 maqnilz'ca
2004 3422 2157 3482 qloria
2174 3438 2189 3467 .·
2242 3423 2318 3469 hic
2360 3430 2426 3470 est

1314 3505 1459 3552 Filius
1500 3521 1624 3553 meus
1670 3509 1889 3568 dilectus,
1934 3512 1985 3555 in
2019 3523 2105 3570 quo
2139 3511 2250 3556 mihi
2293 3525 2423 3557 com-

1308 3594 1487 3654 placui,
1521 3598 1670 3656 ipsum
1703 3598 1874 3643 audite.
1921 3598 1978 3642 Et
1999 3597 2120 3643 hanc
2151 3612 2310 3645 vocem
2341 3614 2425 3646 nos

1315 3683 1573 3729 audivimus
1620 3682 1804 3743 (quibus
1846 3684 1998 3730 verbis
2044 3691 2203 3731 testem
2243 3700 2299 3732 ¹se
2344 3688 2423 3732 de-

1315 3769 1453 3816 clarat
1498 3763 1731 3830 αὐτόπτην
1772 3770 1849 3816 καὶ
1893 3764 2142 3834 αὐτήκοον)
2189 3775 2246 3820 de
2293 3776 2420 3820 coelo

1315 3858 1520 3917 allatam,
1557 3873 1659 3904 cum
1693 3873 1887 3905 essemus
1922 3875 2024 3907 cum
2057 3864 2157 3923 ipso
2192 3865 2241 3908 in
2273 3869 2421 3909 monte

1313 3953 1487 3993 sancto.

1420 4032 1495 4095 ³³)
1529 4033 1661 4081 Marc.
1697 4034 1752 4081 V.
1790 4035 2019 4083 35—43.
