2574 4276
195 42 294 92 154
1067 43 1290 97 LIBER
1357 43 1638 99 PRIMUS

200 182 262 234 ad
285 182 482 235 Petrum
518 191 756 252 spectant,
795 200 963 237 curam
996 199 1178 252 gerere
1212 184 1449 236 videatur.
1524 184 1666 244 Quod
1687 184 1857 237 Petrus
1893 186 2107 237 omnium
2135 186 2332 253 primUS,
2371 192 2517 254 atque

192 276 408 326 omnium
454 278 653 328 nomine
676 279 742 343 ⁵³,
790 277 1006 328 iniuncto
1051 276 1167 342 sibi,
1218 277 1497 343 ceterisque
1524 279 1567 303 ⁵⁴
1609 275 1817 327 testandi
1851 292 2056 329 munere
2105 278 2385 345 perfunctus
2425 279 2510 330 sit:

188 369 376 419 τοῦτον
398 366 489 420 τὸν
511 366 716 431 Ἰησοῦν
753 364 1032 431 ἀνέστησεν
1062 369 1091 418 ό
1128 367 1291 430 θεός,
1329 361 1394 419 οὗ
1418 365 1609 429 πάντες
1643 365 1793 436 ἡμεῖς
1830 371 1985 434 ἐσμεν
2018 368 2293 437 μαρτυρες.
2369 370 2511 429 Quod

191 458 408 511 omnium
447 460 630 526 primus
666 457 860 524 publice
897 459 1282 526 solemniterque
1319 460 1590 527 magisterii
1625 466 1790 526 partes
1829 454 2050 511 obiverit.
2123 462 2264 522 Quod
2297 462 2514 512 omnium

187 550 372 616 primus
420 549 715 615 expleverit,
762 551 892 616 quod
928 551 1160 619 apostolis
1207 552 1450 603 universis
1503 550 1722 626 Christus
1747 554 1792 577 ⁵⁵
1846 538 2192 618 praeceperat,
2245 550 2516 620 μαθητεύ-

190 656 316 693 σατε
339 680 487 691 .....
527 637 900 704 διδάσκοντες,
953 642 1232 708 discipulos
1259 643 1432 712 facite
1447 680 1592 694 .....
1643 643 1894 694 docentes
1968 641 2192 709 Denique
2235 644 2371 710 quod
2409 660 2514 696 om-

190 734 322 784 nium
356 733 541 799 primus
576 735 922 786 necessitatem
945 735 1073 787 ·fidei
1097 737 1145 788 in
1169 736 1354 804 Jesum,
1383 743 1631 803 tamquam
1655 734 1917 786 Dominum
1942 740 1990 784 et
2015 733 2256 785 Christum
2289 734 2512 791 divinitus

190 824 501 875 constitutum
538 826 938 895 promulgaverit.
1174 834 1178 838 ’

370 915 469 968 Sed
518 917 790 972 cuiusmodi
839 922 931 972 ista
980 918 1125 972 sunt?
1174 920 1288 972 talia
1336 936 1400 971 ne
1439 935 1566 987 quae
1603 918 1787 970 nullum
1823 918 2018 969 Petrum
2056 920 2183 970 inter
2220 924 2515 984 ceterosque

189 1007 439 1074 apostolos
477 1008 742 1077 dignitatiS,
782 1013 1182 1079 auctoritatisque
1219 1013 1484 1063 discrimen
1520 1007 1894 1078 praeseferant?
1932 1011 2081 1061 immo
2120 1009 2383 1061 ostendunt
2417 1023 2518 1060 non

187 1098 329 1150 aliter
377 1100 572 1152 Petrum
629 1103 757 1154 inter
810 1094 1058 1171 apostolos
1107 1105 1404 1170 eminuisse,
1454 1120 1599 1171 quam
1653 1109 1795 1170 caput
1850 1102 1995 1153 inter'
2032 1102 2245 1153 obnoxia
2296 1085 2517 1152 membra

185 1193 468 1259 praecellat.

373 1289 486 1337 190.
561 1287 704 1347 Quod
757 1304 905 1355 quum
961 1289 1209 1341 auditores
1272 1284 1337 1340 ex
1390 1288 1613 1340 eiusdem
1663 1289 1845 1356 agendi
1905 1289 2094 1340 ratione
2149 1286 2512 1354 perspicerent,

189 1379 466 1445 compuncti
490 1380 535 1406 ⁵⁶
585 1381 683 1431 iam
731 1380 908 1447 corde,
959 1380 1090 1448 quod
1136 1396 1236 1432 non
1287 1382 1466 1432 iustum
1514 1380 1763 1433 dumtaxat
1802 1381 2076 1446 hominem,
2128 1393 2302 1430 verum
2349 1378 2515 1444 ipsum

185 1468 330 1528 ΠἸἎἾἿ
370 1474 545 1551 l'l'llg'b
585 1473 967 1557 crucifixissent,
991 1470 1142 1524 εἶπον
1165 1471 1298 1539 πρὸς
1322 1471 1413 1524 τὸν
1430 1472 1639 1541 Πετρον
1664 1473 1752 1525 καὶ
1776 1491 1900 1534 τους
1924 1466 2146 1533 λοιπους
2169 1469 2515 1530 ἀποστόλους,

188 1596 415 1649 dixerunt
449 1599 608 1666 Petr0,
647 1602 926 1668 ceterisque
965 1601 1213 1670 apostolis.
1287 1601 1445 1653 Viden
1485 1600 1732 1668 quomodo
1769 1617 1895 1653 unus
1932 1608 2065 1653 extet
2089 1601 2276 1666 Penus,
2316 1613 2375 1650 ac
2411 1599 2516 1665 ipse

186 1704 311 1741 unus
360 1692 645 1744 nominatim
690 1690 1052 1761 compelletur?
1099 1693 1189 1744 sed
1237 1694 1353 1760 quid
1402 1691 1664 1745 dixerunt?
1716 1693 1776 1744 ab
1830 1693 2054 1744 omnibus
2103 1691 2246 1744 simul
2283 1689 2517 1758 apostolis

190 1782 421 1834 sciscitati
441 1791 576 1835 sunt:
615 1783 662 1836 τί
698 1782 1015 1854 ποιήσωμεν,
1052 1779 1244 1853 ἄνδρες
1279 1783 1537 1856 ἀδελφοί,·
1576 1786 1690 1853 quid
1716 1785 1966 1852 faciemus,
2006 1786 2095 1836 viri
2120 1767 2516 1849 fratres‘3'at‘qui,

189 1881 324 1925 notat
349 1878 393 1902 ⁵⁷
426 1875 819 1945 ChrysostomuS,
857 1875 1020 1930 πάλιν
1051 1866 1309 1931 ἐνταῦθα’
1330 1879 1358 1929 ὁ
1389 1877 1602 1944 Πέτρος
1639 1875 1853 1930 πάντων
1887 1876 2278 1944 ἐρωτηθέντων,
2316 1875 2515 1934 ἐκεῖνος

186 1966 552 2033 ἀποκρίνεται,
601 1984 774 2021 rursus
820 1969 933 2022 heic
969 1970 1168 2038 Petrus,
1215 1986 1362 2038 quum
1414 1986 1587 2022 omnes
1634 1971 2083 2037 interrogarentur,
2131 1969 2236 2035 ipse
2273 1981 2399 2018 unus
2434 1982 2514 2016 re-

189 2061 410 2127 spondet.
445 2110 448 2114 ,
488 2044 616 2114 Sane
664 2063 828 2131 pergit
853 2066 899 2090 33
939 2063 1121 2115 Lucas:
1195 2062 1409 2130 Πέτρος
1459 2062 1517 2115 δὲ
1563 2064 1664 2133 ἔφη
1710 2061 1842 2128 πρὸς
1890 2057 2097 2122 αὐτούς.
2172 2060 2305 2111 Unus
2351 2060 2515 2124 itaque

190 2159 280 2219 est,
320 2153 405 2220 qui
437 2160 684 2221 tamquam
721 2174 789 2221 η)
792 2153 1013 2223 ούμενος
1051 2143 1326 2207 communia
1351 2157 1566 2224 peragit.
1605 2171 1728 2207 unus
1767 2156 1847 2222 qui
1885 2153 2061 2206 Christi
2094 2154 2238 2222 leges
2264 2155 2310 2180 ⁵⁹
2353 2153 2515 2218 edicit,

189 2243 559 2312 μετανοήσατε,
600 2247 689 2297 καὶ
711 2245 1058 2315 βαπτισθήτω
1087 2251 1321 2307 ἕκαστος
1340 2245 1492 2315 ὑμῶν
1527 2248 1611 2299 ἐπι
1650 2249 1724 2298 τῶ
1759 2248 1974 2315 ὀνόματι
1991 2245 2165 2309 Ἰησοῦ
2184 2244 2424 2311 Χριστοῦ
2446 2245 2515 2306 ⁶⁰,

189 2340 265 2398 εὶς
313 2334 502 2403 ἄφεσιν
548 2335 855 2404 ἁμαρτιῶνε
906 2354 1031 2391 unus
1068 2341 1150 2407 qui
1178 2340 1432 2409 promissis
1457 2341 1499 2366 ⁶¹
1546 2340 1781 2407 Spiritus·
1794 2340 1952 2391 sancti
1988 2338 2127 2390 donis
2171 2351 2309 2404 spem
2356 2336 2516 2403 erigit,

191 2430 277 2482 καὶ
314 2427 561 2493 λήψεσθε
585 2423 677 2492 τήν
702 2424 913 2496 δωρεοὲν
947 2431 1042 2483 τοῦ
1077 2428 1237 2499 ἁγίου
1274 2429 1605 2500 πνεύματοςι
1638 2446 1763 2482 unus
1802 2431 1884 2497 qui
1907 2429 2126 2497 pluribus
2148 2431 2194 2457 ⁶²
2235 2434 2512 2495 susceptam

192 2523 489 2575 audientium
523 2523 873 2575 institutionem
910 2524 1235 2591 persequitur,
1275 2526 1467 2589 ἑτέροις
1493 2542 1546 2575 τε
1581 2523 1757 2591 λόγοις
1795 2522 1995 2573 πλείοσι
2020 2517 2391 2590 διεμαρτύρετο
2427 2520 2517 2572 καὶ

193 2612 508 2681 παρεκάλειε
555 2629 680 2665 unus
726 2616 808 2682 qui
855 2614 1040 2667 fructus
1079 2615 1373 2668 christianae
1420 2614 1743 2683 professionis
1769 2617 1814 2642 ⁶³
1868 2614 2106 2681 declarat,
2157 2612 2371 2676 στάθητε
2406 2610 2513 2664 ἀπὸ

190 2708 280 2769 τῆς
306 2707 494 2774 γενεᾶς
521 2707 608 2768 τῆς
633 2705 851 2766 σκολιᾶς
882 2705 1096 2771 ταύτης.·
1133 2724 1192 2760 ac
1226 2715 1383 2774 unus,
1408 2708 1545 2759 cuius
1571 2707 1840 2758 ministerio
1870 2706 2109 2759 debentur
2135 2721 2260 2773 quae
2284 2705 2440 2756 Lucas
2462 2705 2507 2730 ⁶⁴

193 2799 451 2866 subnectit,
493 2799 541 2850 οἱ
577 2797 675 2866 μὲν
701 2791 797 2850 οὖν
824 2796 1067 2867 ἀσμένως
1091 2802 1138 2828 33
1169 2796 1551 2866 ἀποδεξάμενοι
1588 2797 1678 2849 τὸν
1701 2797 1859 2866 λόγον
1886 2795 2065 2860 αὐτοῦ,
2089 2794 2512 2866 ἐβαπτίσθησαν·

298 2946 372 3008 3)
408 2961 452 2991 ιι.
491 2945 602 2991 187.
1498 2944 1571 3006 39)
1609 2944 1761 2990 Matth.
1797 2943 1872 2989 111.
1908 2942 1954 2988 2.
2030 2940 2133 2987 Luc.
2168 2941 2329 2987 XXIV.
2366 2939 2443 2985 47.

295 3026 923 3096 ⁵⁴)Act.1.8.E‹52‹51525
953 3049 1033 3095 μοι
1067 3027 1309 3097 μάρτυρες,
1500 3047 1575 3109 ⁶⁰)
1610 3048 1731 3092 Haec
1772 3046 1908 3092 verba
1957 3045 2013 3091 ad
2060 3044 2269 3104 baptismi
2312 3045 2512 3102 formam

194 3123 294 3169 ⁰⁰¹¹·
330 3122 434 3168 Luc·
469 3122 629 3168 XXIV·
665 3122 754 3181 48
789 3122 891 3168 *¹⁰¹¹-
927 3122 1025 3168 XV·
1063 3123 1277 3169 26—27·
1395 3137 1627 3183 referenda
1661 3149 1749 3181 non
1784 3148 1908 3194 esse,
1950 3133 2083 3178 certis
2119 3134 2389 3190 argumentis
2425 3133 2512 3177 viri

295 3212 370 3273 33)
404 3210 557 3256 Matth.
586 3210 787 3256 XXVIII.
818 3210 1051 3257 19—20.
1120 3211 1202 3258 Est
1235 3226 1314 3257 au·
1398 3226 1518 3271 docti
1554 3224 1913 3284 comprobarunt,

192 3306 281 3346 tem
315 3301 419 3346 heic
452 3291 758 3362 μαθητεύειν,
803 3300 1133 3358 significatione
1168 3306 1311 3346 trans·
1500 3328 1574 3390 σι)
1612 3327 1713 3373 Act·
1750 3326 1804 3371 Π.
1841 3324 1919 3370 38·

189 3389 325 3450 itiva,
381 3389 501 3434 idem
547 3388 667 3448 quod
713 3388 815 3434 Joh.
862 3387 938 3434 1v.
989 3388 1031 3434 1.
1086 3382 1313 3450 μαθητάς
1500 3431 1575 3493 6,)
1611 3429 1724 3475 Μ,
1760 3442 1805 3473 v.
1842 3426 1921 3471 40,

1500 3534 1575 3594 63)
1609 3533 1720 3578 lbid.
1764 3544 1807 3575 v.
1845 3528 1923 3574 40.
2003 3527 2091 3571 Cur
2143 3531 2290 3571 autem
2343 3525 2527 3570 dicatur·

1394 3615 1521 3686 γενεά
1553 3612 1730 3675 σκολιά,
1765 3617 1903 3663 habes
1936 3617 2068 3664 Deut.
2094 3615 2272 3661 XXXII.
2299 3614 2378 3660 20.

191 3750 311 3805 tant,
349 3758 479 3803 quum
516 3757 622 3790 mox
657 3748 889 3805 sequatur,
925 3735 1233 3796 διδάσκοντες.
1501 3724 1575 3786 ⁶⁴)
1611 3723 1724 3768 ΠΜ·
1759 3735 1803 3766 V·
1840 3719 1919 3765 41·

297 3833 372 3894 56)
408 3832 510 3879 Act·
547 3832 601 3878 Π·
637 3833 716 3878 37·
1501 3826 1574 3888 33)
1611 3825 1827 3883 Vulgatus
1848 3835 1935 3867 non
1957 3822 2069 3880 legit
2088 3819 2346 3866 adverbium
2369 3809 2510 3877 ἁσμέ-

299 3921 374 4016 37)
410 3922 458 3966 Iu
494 3920 606 3966 Acta
637 3920 846 3980 Apostol.
881 3919 1126 3968 hom.vl1.
1163 3934 1205 3966 ιι.
1236 3918 1278 3965 1.
1396 3930 1497 3971 νως,
1524 3912 1641 3975 quod
1664 3912 1912 3971 Hesychius
1935 3912 2262 3969 interpretatur,
2287 3898 2404 3966 μετά
2427 3919 2511 3966 χα-

302 4012 376 4075 3)
410 4010 509 4057 Act
546 4010 600 4057 11.
636 4009 715 4057 38.
1398 4000 1499 4068 ρᾶς,
1520 3996 1677 4066 ἡδέως,
1701 3992 1934 4058 εὐκταίως,
1957 3989 2236 4064 προθύμως,
2260 3991 2486 4049 ἑκουσίως.

191 3483 361 3533 ποιεῖν,
416 3478 670 3538 discipulos
718 3478 898 3535 facere.
984 3477 1071 3532 Qui
1123 3478 1313 3524 reddunt

194 3567 378 3623 docete,
426 3581 568 3626 neque
602 3567 712 3611 satis
749 3565 980 3618 consulunt
1025 3567 1311 3613 concinnitati

191 3656 435 3716 orationiS,
482 3670 626 3715 neque
668 3652 968 3716 ταυτολογίαν
1000 3668 1182 3714 prorsus
1220 3657 1312 3702 evi-
